2023 3267
141 112 381 179 647-679]
687 115 1050 163 AENEIDos
1091 116 1219 163 LIB.
1260 118 1321 164 v,

275 275 348 313 est
386 265 586 327 Dorycli
624 266 870 313 coniunx:
909 265 1063 312 divini
1100 265 1238 328 signa
1270 250 1467 314 [stecoris

272 353 603 415 ardentesque
640 362 808 401 notate
846 354 1031 412 oculos,
1072 355 1158 416 qui
1196 340 1392 416 splritus
1430 353 1513 412 illi,
1560 357 1678 433 '22¹5'

274 440 384 503 quis
420 442 582 488 vultus
620 440 857 503 vocisque
895 458 1046 490 sonus
1083 444 1160 490 vel
1197 458 1391 505 gressus
1428 442 1580 491 eunti.

139 530 236 592 650
274 531 391 592 Ipsa
427 539 624 592 egomet
662 530 853 578 dudum
894 532 1086 579 Beroen
1125 531 1343 593 digressa
1379 532 1554 594 reliqui

271 634 483 681 aegram,
524 619 885 682 indignantem,
926 620 1009 666 tali
1048 621 1184 681 quod
1221 621 1327 668 sola
1363 629 1548 669 careret

271 723 476 755 munere
513 723 605 755 nec
643 706 847 756 meritos
883 706 1135 756 Anchisae
1173 709 1371 757 inferret
1409 709 1655 758 honores.⁷

273 797 418 844 Haec
456 797 613 844 effata.

269 886 336 933 At
372 894 552 933 matres
588 883 752 947 primo
789 886 1031 947 ancipites
1069 884 1327 948 oculisque
1365 885 1593 950 malignis

137 976 229 1036 655
271 974 535 1036 ambiguae
573 982 796 1036 spectare
828 982 956 1022 rates
993 974 1225 1022 miserum
1263 973 1389 1023 inter
1426 991 1644 1024 amorem

268 1061 538 1125 praesentis
576 1071 733 1110 terrae
770 1062 983 1123 fatisque
1021 1063 1252 1111 vocantia
1287 1079 1467 1126 regna:

268 1166 383 1198 curn
421 1151 516 1198 dea
554 1167 605 1198 se
641 1151 841 1213 paribus
878 1167 966 1213 per
1001 1152 1197 1199 caelum
1234 1153 1430 1200 sustulit
1467 1153 1556 1200 alis

269 1240 625 1301 ingentemque
662 1240 775 1301 fuga
813 1238 971 1287 secuit
1010 1230 1099 1287 sub
1139 1238 1355 1288 nubibus
1392 1257 1575 1288 arcum.

267 1329 396 1374 Tum
434 1342 552 1374 vero
589 1329 828 1375 attonitae
865 1327 1097 1376 monstris
1135 1336 1374 1392 actaeque
1411 1331 1570 1378 furore

134 1418 232 1464 660
268 1416 599 1475 conclamant,
639 1415 936 1479 rapiuntque
975 1416 1098 1464 focis
1135 1417 1469 1478 penetralibus
1506 1417 1686 1481 ignem,

266 1522 377 1568 pars
414 1507 630 1568 spoliant
667 1521 787 1564 araS,
827 1504 1057 1554 frondem
1094 1522 1153 1554 ac
1189 1506 1401 1570 virgulta
1437 1509 1668 1572 facesque

265 1593 549 1642 coniiciunt.
629 1595 763 1642 Furit
800 1593 1033 1643 immissis
1071 1596 1331 1644 Vulcanus
1368 1597 1576 1645 habenis

268 1691 480 1732 transtra
517 1699 604 1746 per
640 1693 688 1731 et
723 1699 885 1732 remos
922 1693 970 1732 et
1006 1685 1164 1747 pictas
1201 1685 1366 1734 abiete
1402 1703 1608 1749 puppes.

267 1773 487 1820 Nuntius
525 1771 774 1821 Anchisae
811 1773 877 1821 ad
915 1774 1164 1821 tumulum
1201 1790 1492 1838 cuneosque
1529 1777 1705 1825 theatri

132 1862 225 1923 665
266 1863 493 1910 incensas
530 1863 710 1923 perfert
747 1877 898 1910 naves
940 1863 1194 1922 EumeluS,
1234 1872 1282 1912 et
1319 1864 1413 1927 ipsi

265 1950 538 2012 respiciunt
574 1958 730 1997 atram
768 1951 818 1997 in
855 1950 1030 1999 nimbo
1066 1951 1276 2001 volitare
1312 1954 1543 2002 favillam.

267 2039 461 2086 Primus
499 2046 546 2086 et
583 2040 842 2098 Ascanius,
883 2055 1056 2088 cursus
1093 2049 1146 2088 ut
1184 2042 1341 2090 laetus
1379 2052 1630 2105 equestres

266 2126 498 2186 ducebat,
537 2124 608 2174 sic
643 2142 756 2174 acer
792 2143 925 2189 equo
962 2128 1158 2177 turbata
1197 2129 1370 2192 petivit

266 2224 440 2274 castra,
481 2231 575 2263 nec
613 2216 866 2265 exanimes
905 2227 1113 2280 possunt
1152 2220 1362 2268 retinere
1400 2219 1632 2283 magistri.

131 2307 228 2366 670
268 2305 423 2365 ‘Quis
457 2305 590 2352 furor
623 2303 715 2353 iste
749 2308 940 2354 novus?
976 2322 1077 2368 quo
1113 2323 1260 2368 nunc,
1298 2324 1399 2370 quo
1432 2309 1664 2370 tenditis‚’
1699 2310 1873 2374 inquit,

267 2394 395 2440 ‘heu
432 2391 642 2441 miserae
679 2392 853 2441 cives?
888 2409 992 2442 non
1029 2395 1224 2443 hostem
1264 2394 1564 2459 inimicaque
1600 2408 1759 2447 castra

264 2480 518 2544 Argivom,
555 2489 742 2529 vestras
779 2497 891 2544 spes
929 2482 1083 2530 uritis.
1156 2485 1248 2544 En,
1290 2501 1382 2547 ego
1419 2496 1578 2535 vester

264 2569 508 2618 Ascanius
531 2568 566 2617 l'
639 2570 847 2618 Galeam
881 2580 995 2618 ante
1034 2572 1189 2633 pedes
1229 2573 1437 2635 proiecit
1474 2573 1689 2635 inanem,

265 2674 365 2721 qua
399 2659 520 2707 ludo
557 2657 760 2707 indutus
796 2658 914 2707 belli
951 2658 1209 2708 simulacra
1245 2660 1424 2710 ciebat.

131 2749 226 2809 675
265 2747 527 2796 Accelerat
565 2748 711 2794 simul
753 2749 966 2806 Aeneas,
1008 2747 1157 2796 simul
1194 2748 1391 2811 agmina
1427 2752 1688 2800 Teucrum.

264 2836 357 2882 Ast
393 2835 505 2883 illae
543 2834 736 2883 diversa
775 2844 911 2884 metu
949 2851 1036 2898 per
1070 2836 1214 2884 litora
1251 2837 1433 2900 passim

265 2921 541 2984 diffugiunt,
582 2923 830 2986 silvasque
869 2934 918 2973 et
955 2924 1113 2973 sicubi
1150 2942 1370 2974 concava
1406 2927 1571 2976 furtim

265 3026 379 3058 saxa
413 3019 588 3072 petunt
606 3030 619 3073 ς
655 3011 790 3074 piget
827 3012 1011 3075 incepti
1056 3014 1292 3076 lucisque,
1333 3031 1551 3078 suosque

267 3105 485 3145 mutatae
527 3109 822 3160 agnoscunt,
859 3117 1165 3164 excussaque
1202 3112 1402 3165 pectore
1441 3105 1571 3152 Iuno
1609 3115 1693 3153 est.
