2023 3267
93 25 334 93 449-481]
640 24 1002 73 AENEIDos
1042 24 1168 71 LIB.
1210 25 1268 71 v.

51 107 93 186 4

65 187 93 257 ἱ

96 280 195 330 450

100 725 195 774 455

101 1154 200 1213 460

110 2054 208 2101 470

115 2497 209 2545 475

630 157 659 170 Δ
731 153 818 172 ‘0-

1087 144 1227 198 navo,
1276 152 1309 162 ω

229 185 314 226 aut
353 176 466 241 Ida!
482 175 532 223 in
570 191 749 237 magna
785 133 1034 230 radii-cibus
1073 171 1227 222 eruta'
1224 164 1409 248 pinus.
1450 206 1469 243 l

232 250 552 326 Consurgunt
589 261 764 312 studiis
799 260 981 310 Teucri
1017 269 1067 310 et
1102 260 1361 309 Trinacria
1398 263 1588 323 pubes;

231 353 269 403 it
304 353 492 401 clamor
527 353 683 410 caelo,
722 350 1008 414 primusque
1044 351 1256 398 accurrit
1294 353 1501 399 Acestes

232 621 390 670 acrior
427 621 491 670 ad
527 635 743 683 pugnarn
781 617 910 666 redit
947 634 1005 666 ac
1042 619 1141 666 vim
1179 617 1384 666 suscitat
1421 617 1490 665 ira

231 459 649 508 aequaevumque
685 443 747 491 ab
786 442 940 491 humo
977 442 1216 490 miserans
1254 441 1434 490 attollit
1471 441 1700 490 amicum.
1740 421 1839 488 ’ξω
1991 499 1995 503 ἡ

232 537 299 582 At
336 549 439 583 non
476 533 698 581 tardatus
735 546 853 578 casu
889 545 1053 592 neque
1092 529 1284 578 territus
1322 531 1468 578 heros
1695 583 1698 587 ἵ
1758 544 1810 584 ς..
1902 518 1936 558 71
1963 511 2020 541 ἦ

1574 614 1579 622 ‹
1603 617 1607 619 -
1904 603 1954 643 01(

239 711 363 775 (tum
401 710 563 772 pudor
598 707 823 756 incendit
859 706 985 755 vires
1023 716 1070 754 et
1107 706 1308 756 conscia
1344 706 1496 755 virtus
1518 706 1550 771 z>
1628 730 1661 768 μ
1686 692 1698 747 ’-

234 797 657 862 praecipitemque
698 798 862 844 Daren
903 796 1083 844 ardens
1121 794 1220 858 agit
1257 811 1473 858 aequore
1510 804 1628 844 toto

235 903 369 936 nunc
406 887 575 936 dextra
612 885 924 948 ingeminans
962 886 1104 943 ictuS,
1147 900 1282 932 nunc
1317 884 1398 933 ille
1437 884 1645 933 sinistra

236 977 346 1024 Nec
384 991 520 1023 mora
556 989 649 1022 nec
685 971 909 1035 requies:
952 988 1102 1034 quam
1141 974 1294 1020 multa
1330 971 1571 1034 grandine
1609 942 1892 1021 nimbi&

998 1023 1263 1045 ——ae‘f‘
1869 1021 1958 1048 ι-,κβ
1963 1015 1980 1023 ῳ

236 1062 536 1112 culminibus
573 1060 830 1124 crepitant,
872 1059 941 1108 sic
979 1058 1145 1108 densis
1184 1059 1363 1108 ictibus
1401 1061 1546 1108 heros

1668 1101 1794 1123 ——24““
1856 1109 1864 1119 ,ι

236 1153 407 1201 creber
443 1160 652 1223 utraque
660 1165 840 1225 *manu
875 1149 1038 1212 pulsat
1075 1158 1334 1211 versatque
1374 1151 1571 1202 Dareta,
1636 1141 1751 1191 wa.
1781 1145 1807 1154 -.
1853 1134 1876 1225 q

238 1243 369 1289 Tum
408 1219 563 1302 pate—17
582 1241 779 1288 Aeneas
817 1238 1087 1301 procedere
1124 1237 1321 1301 longius
1359 1237 1452 1286 iras
1717 1257 1785 1262 ψ

239 1339 288 1378 et
324 1328 510 1378 saevire
546 1327 723 1376 animis
762 1328 1016 1375 Entellum
1056 1326 1190 1403 ¹¹³¹AE
1225 1343 1399 1391 passus
1437 1327 1640 1387 acerbis,
1684 1308 1760 1355 Ψ*
1787 1312 1803 1339 ²

238 1417 327 1466 sed
363 1417 512 1465 finem
550 1414 788 1478 imposuit
823 1429 1019 1478 pugnae
1057 1415 1342 1476 fessumque
1382 1416 1569 1464 Dareta

239 1505 418 1569 eripuit
453 1506 679 1553 mulcens
716 1503 876 1565 dictis,
916 1519 975 1552 ac
1011 1505 1129 1552 talia
1165 1504 1323 1552 fatur:

245 1594 466 1653 ‘Infelix‚
507 1610 636 1658 quae
671 1602 810 1642 tanta
846 1593 1069 1641 animum
1108 1592 1362 1672 dementia
1397 1593 1566 1655 cepit?

242 1700 344 1732 non
382 1683 508 1732 vires
544 1682 663 1732 alias
701 1691 1041 1744 conversaque
1080 1668 1303 1730 numina
1321 1669 1511 1730 sentis?

242 1772 382 1824 Cede
418 1773 547 1822 deo,²
621 1771 859 1834 Dixitque
896 1780 945 1819 et
981 1770 1168 1833 proelia
1205 1786 1328 1819 voce
1365 1770 1577 1820 diremit.

241 1866 334 1911 Ast
370 1862 510 1910 illum
547 1862 633 1911 fidi
669 1862 919 1924 aequales,
959 1876 1121 1924 genua
1157 1876 1304 1923 aegra
1341 1862 1623 1931 trahentem

242 1950 613 2014 iactantemque
651 1959 860 2012 utroque
897 1949 1045 2013 caput
1083 1965 1407 2011 crassumque
1443 1966 1668 1998 cruorem

244 2056 329 2089 ore
366 2041 663 2089 eiectantem
700 2039 983 2101 mixtosque
1021 2040 1071 2086 in
1109 2039 1349 2100 sanguine
1388 2038 1577 2098 dentes,

245 2129 435 2177 ducunt
471 2129 536 2176 ad
573 2143 739 2186 naves,
775 2128 1069 2193 galeamque
1107 2142 1379 2189 ensemque
1416 2129 1579 2174 vocati

245 2219 510 2280 accipiunt,
548 2217 764 2279 palmam
803 2217 1004 2264 Entello
1041 2225 1337 2278 taurumque
1374 2216 1672 2279 relinquunt.

249 2307 351 2353 Hic
387 2304 557 2363 victor,
597 2320 834 2367 superans
871 2304 1048 2352 animis
1085 2313 1326 2366 tauroque
1364 2305 1604 2366 superbus

251 2396 408 2442 ‘Nate
445 2394 542 2442 dea
576 2408 765 2455 vosque
804 2393 955 2441 haec'
993 2391 1153 2456 inquit
1193 2393 1523 2455 ‘cognoscite,
1563 2393 1757 2453 Teucri,

250 2491 299 2531 et
335 2481 456 2530 mihi
493 2497 621 2544 quae
658 2481 838 2530 fuerint
875 2481 1088 2530 iuvenali
1126 2481 1177 2528 in
1213 2497 1420 2543 corpore
1456 2481 1582 2530 vires

250 2580 298 2619 et
335 2586 433 2633 qua
470 2570 671 2618 servetis
708 2578 994 2618 revocatum
1032 2585 1060 2616 a
1097 2577 1255 2617 morte
1294 2570 1509 2618 Dareta.'

251 2658 404 2719 Dixit,
443 2667 491 2707 et
527 2657 720 2707 adversi
756 2667 928 2707 contra
964 2659 1099 2706 stetit
1136 2673 1220 2714 Qra
1257 2656 1465 2717 iuvenci,
1784 2699 1807 2711 „
1902 2654 1917 2689 ἕ

1991 2575 1997 2584 .

1953 2592 1995 2618 Ν
2005 2589 2019 2602 “

1890 2618 1973 2657 ,ΚΝ

250 2746 337 2810 qui
373 2747 563 2796 donum
598 2747 792 2796 astabat
829 2762 1039 2810 pugnae,
1080 2745 1331 2808 durosque
1367 2748 1573 2795 reducta
1647 2703 1818 2794 w)
1857 2744 1955 2802 1⁴⁸⁸*

1751 2806 1755 2808 —
1823 2787 1856 2814 ι

251 2833 442 2884 libravit
478 2826 851 2885 dextrffinedia
888 2834 1015 2882 inter
1049 2850 1237 2883 cornua
1273 2844 1480 2895 caestus,
1739 2808 1818 2843 A&

119 2925 220 2984 480
254 2924 449 2984 arduus,
488 2925 794 2988 effractoque
830 2924 963 2972 illisit
1000 2923 1051 2970 in
1089 2939 1201 2972 ossa
1237 2925 1474 2974 cerebro:

255 3012 488 3062 sternitur
523 3013 864 3075 exanimisque
902 3022 1118 3062 tremens
1156 3013 1438 3076 procumbit
1474 3014 1612 3062 humi
1649 3016 1753 3064 bos.
