2023 3267
123 217 220 265 350
259 217 338 250 me
376 200 523 249 liceat
560 217 704 249 casus
740 199 956 249 misereri
994 198 1201 263 insontis
1239 198 1416 248 amici.'
1458 190 1591 291 ,ψξὲιλικ
1670 190 1679 201 '

125 1086 223 1146 360

128 1532 220 1592 365

131 1985 228 2033 370

0 2528 3 2539 ,
12 2477 88 2536 21AE
104 2429 226 2532 3st
236 2503 237 2507 =

611 51 662 97 P.
703 50 1002 98 VERGILI
1042 48 1365 98 MARONIS
1619 44 1856 113 [350-382
1917 83 1920 86 Α
1953 19 1958 22 ’

570 158 649 165 ν-,»

257 290 337 340 Sic
373 292 501 338 fatus
538 299 727 352 tergum
766 290 962 338 Gaetuli
1000 289 1217 337 immane
1253 287 1411 336 leonis
1472 295 1510 358 ᾖ,

258 379 341 426 dat
378 377 525 437 Salio,
564 376 691 425 villis
730 393 996 426 onerosum
1033 386 1183 439 atque
1219 376 1467 439 unguibus
1504 375 1678 425 aureis.

259 466 361 514 Hic
398 465 550 514 Nisus
589 465 672 514 ‘Si
708 463 877 513 tanta'
913 464 1072 526 inquit
1111 469 1255 513 ‘sunt
1292 464 1511 527 praemia
1545 463 1687 513 victis

257 563 306 602 et
342 563 389 601 te
427 555 674 615 lapsorum
712 554 926 611 miseret,
966 569 1094 616 quae
1132 569 1338 601 munera
1376 552 1502 602 Niso

259 642 409 705 digna
447 641 627 690 dabis?
663 642 870 704 primam
909 643 1063 689 merui
1102 641 1186 704 qui
1222 642 1368 690 laude
1406 658 1657 702 coronam,

258 709 438 788 mame,
479 747 607 793 quae
645 730 847 790 Salium,
886 732 1110 778 Fortuna
1146 729 1349 779 inimica
1385 730 1606 780 tulisset.'

261 821 323 866 Et
360 818 504 866 simul
541 820 615 867 his
654 818 798 867 dictis
834 820 1012 868 faciem
1052 821 1335 868 ostentabat
1373 829 1421 869 et
1458 820 1560 869 udo

258 908 419 970 turpia
454 910 678 957 membra
714 909 847 958 fimo.
922 909 1054 958 Risit
1090 919 1229 972 pater
1265 909 1482 972 optimus
1520 909 1605 959 olli

259 1006 306 1044 et
342 996 559 1060 clipeum
597 997 754 1046 efferri
790 998 944 1057 iussit,
988 997 1319 1059 Didymaonis
1356 1007 1527 1057 artem,

261 1085 484 1147 Neptuni
521 1101 660 1133 sacro
699 1085 890 1134 Danais
929 1085 992 1134 de
1027 1095 1171 1148 poste
1209 1087 1427 1135 refixum.

263 1175 380 1222 Hoc
417 1173 647 1222 iuvenem
684 1164 938 1236 egregium
975 1174 1244 1236 praestanti
1281 1189 1487 1222 munere
1522 1136 1904 1243 donatysffn

397 1264 515 1310 Post
552 1261 636 1309 ubi
675 1261 1116 1322 confecticursus,
1154 1270 1203 1311 et
1240 1263 1376 1310 dona
1409 1261 1631 1325 peregit:

265 1352 453 1409 ‘Nunc,
493 1351 532 1398 si
569 1352 648 1398 cui
684 1350 834 1398 virtus
873 1349 1168 1411 animusque
1205 1349 1254 1396 in
1291 1358 1492 1412 pectore
1529 1365 1777 1412 praesens,

260 1441 388 1489 adsit
425 1449 472 1489 et
511 1439 717 1488 evinctis
755 1442 947 1488 attollat
984 1440 1187 1488 brachia
1222 1439 1431 1502 palmis.'
1585 1422 1588 1427 ⁵

261 1530 340 1578 Sic
378 1530 458 1589 ait,
499 1539 547 1577 et
584 1529 837 1592 geminum
875 1545 1070 1592 pugnae
1108 1529 1341 1591 proponit
1377 1528 1634 1586 honorem,
1833 1519 1859 1561 Γ

261 1617 434 1666 victori
471 1619 690 1677 velat-um
728 1633 848 1665 auro
886 1616 1120 1679 vittisque
1157 1617 1438 1674 iuvencum,
1496 1550 1861 1682 :igfdff‘b’v-RL&

263 1723 432 1755 ensem
470 1715 620 1770 atque
658 1706 903 1769 insignem
940 1706 1131 1768 galeam
1169 1703 1345 1752 solatia
1381 1703 1528 1752 victo.

263 1797 372 1844 Nec
409 1811 575 1844 mora:
613 1794 851 1844 continuo
888 1793 1037 1843 vastis
1075 1809 1189 1841 cum
1226 1791 1410 1841 viribus
1448 1792 1586 1840 effert

263 1900 348 1933 ora
387 1885 543 1932 Dares
580 1898 863 1945 magnoque
898 1880 1057 1930 virum
1096 1897 1147 1928 se
1184 1896 1434 1928 murmure
1470 1878 1613 1939 tollit,
1852 1934 1853 1937 Ἴ
1883 1906 2023 1964 ‘Ll‘ffl'ss

266 1973 399 2020 solus
437 1971 520 2033 qui
559 1971 790 2018 Paridem
828 1971 1001 2018 solitus
1038 1969 1342 2018 contendere
1377 1976 1564 2026 contra,
1708 1937 1861 2002 M)
1877 1951 1912 1977 “'

268 2060 503 2122 idemque
541 2059 602 2107 ad
641 2027 1045 2120 tumuluni†quo
1082 2056 1325 2104 maximus
1362 2056 1573 2103 occubat
1611 2056 1817 2115 Hector,

263 2148 502 2197 victorem
541 2151 704 2196 Buten
742 2146 946 2194 immani
984 2162 1203 2210 corpore,
1243 2146 1328 2209 qui
1366 2161 1418 2193 se

267 2237 509 2301 Bebrycia
546 2236 754 2285 veniens
792 2234 970 2298 Amyci
1008 2237 1072 2284 de
1108 2244 1256 2298 gente
1294 2230 1495 2302 ferebat,

268 2327 475 2390 perculit
513 2336 562 2374 et
599 2327 733 2373 fulva
768 2324 1123 2373 moribundum
1161 2306 1395 2371 extendi-t-
1421 2338 1581 2369 arena.

267 2415 403 2463 Talis
441 2416 599 2479 prima
638 2417 796 2462 Dares
835 2422 984 2476 caput
1020 2414 1174 2460 altum
1211 2411 1263 2459 in
1300 2412 1488 2473 proelia
1523 2409 1665 2468 tollit,

268 2471 588 2565 offenditque
624 2503 860 2551 humeros
898 2503 1025 2550 latos
1062 2502 1350 2562 alternaque
1366 2484 1536 2547 'iactat

266 2591 469 2639 brachia
505 2591 808 2654 protendens
847 2599 894 2638 et
930 2590 1155 2637 verberat
1191 2588 1370 2636 ictibus
1408 2603 1565 2635 auraS.

270 2679 534 2741 Quaeritur
571 2678 685 2726 huic
722 2678 844 2726 alius
863 2695 876 2738 ,-
911 2693 1006 2725 nec
1042 2676 1303 2738 quisquam
1341 2691 1400 2724 ex
1435 2672 1629 2737 agmine
1665 2681 1804 2721 tanto
1840 2719 1842 2721 ,

269 2768 419 2815 audet
455 2767 588 2815 adire
626 2766 783 2814 virum
821 2765 1152 2825 manibusque
1189 2764 1423 2811 inducere
1460 2771 1666 2810 caestus.

135 2858 232 2916 380
272 2857 402 2917 Ergo
438 2856 610 2902 alacris
648 2862 957 2915 cunctosque
996 2861 1175 2913 putans
1213 2852 1452 2899 excedere
1489 2850 1654 2912 palma

270 2946 470 2992 Aeneae
509 2943 640 2990 stetit
676 2950 791 2990 ante
826 2941 994 3003 pedes,
1035 2956 1129 2988 nec
1166 2939 1304 3001 plura
1340 2947 1557 2986 moratus

272 3042 376 3079 tum
413 3033 553 3079 laeva
588 3040 781 3078 taurum
819 3045 975 3077 cornu
1011 3036 1149 3076 tenet
1185 3036 1336 3090 atque
1371 3026 1439 3074 ita
1474 3027 1630 3074 fatur:
