2023 3267
169 297 263 357 615

168 737 263 782 620

109 1164 112 1167 ,
167 1179 260 1240 6215

165 1621 261 1682 630

164 2507 261 2564 640

654 57 706 102 P.
746 55 1043 104 VERGILI
1083 56 1408 105 MARONIS
1662 53 1900 121 [614·646

302 205 538 254 amissum
575 206 831 254 Anchisen
869 207 1066 266 flebant,
1107 215 1416 268 cunctaeque
1453 206 1753 268 profundum

302 303 511 357 pontum
550 296 873 356 aspectabant
909 295 1096 342 flentes.
1117 304 1148 368 s
1174 296 1321 342 ‘Heu
1359 303 1431 342 tot
1468 295 1593 342 vada
1628 291 1768 341 fessis

302 391 350 430 et
386 392 578 430 tantum
615 398 871 445 superesse
908 380 1087 441 maris,'
1123 399 1220 431 vox
1256 382 1489 431 omnibus
1524 398 1635 430 una.

302 472 492 520 Urbem
530 480 684 530 orant,
725 472 891 519 taedet
927 471 1086 533 pelagi
1124 472 1337 533 perferre
1374 472 1607 519 laborem.

303 560 433 620 Ergo
470 558 595 606 inter
630 547 821 606 medias
859 574 966 607 sese
1002 559 1138 607 haud
1175 546 1343 634 igi-lara
1379 537 1594 635 nobendi

300 645 514 705 coniicit,
554 655 603 694 et
639 644 918 708 faciemque
955 646 1079 694 deae
1115 655 1401 708 vestemque
1437 645 1661 707 reponit;

300 736 355 782 fit
392 736 562 790 Beroe,
600 733 787 781 Tmarii
823 735 1041 782 coniunx
1077 735 1317 797 longaeva
1354 733 1570 796 Dorycli,

301 823 381 872 cui
416 840 569 886 genus
608 833 655 872 et
691 825 947 887 quondam
983 841 1169 873 nomen
1206 824 1408 888 natique
1445 825 1682 885 fuissent3

299 929 356 960 ac
393 914 462 959 sic
503 912 846 960 Dardanidum
884 912 1100 961 mediam
1138 929 1189 960 se
1227 914 1462 961 matribus
1500 913 1654 961 infert.

303 1003 377 1050 ‘O
416 1001 636 1061 miserae,
678 1017 799 1063 quas
837 1017 937 1049 non
975 1003 1179 1049 manus'
1218 1001 1376 1064 inquit
1416 1002 1664 1049 ‘Achaica
1699 1001 1833 1050 bello

246 1109 267 1133 -:
300 1091 494 1137 traxerit
531 1090 595 1137 ad
631 1090 785 1137 letum
822 1089 1007 1152 patriae
1044 1090 1136 1137 sub
1174 1088 1465 1138 moenibus!
1504 1107 1534 1139 o
1570 1106 1690 1152 gens

300 1177 483 1237 infelix,
523 1179 601 1226 cui
640 1187 687 1226 te
720 1177 868 1226 exitio
906 1179 1124 1226 Fortuna
1161 1180 1414 1227 reservat?

300 1265 511 1328 septima
547 1275 660 1327 post
695 1265 876 1314 Troiae
914 1266 1162 1315 excidium
1199 1265 1296 1314 iam
1334 1267 1538 1314 vertitur
1571 1275 1746 1326 aestas,

299 1371 412 1403 cum
451 1356 588 1413 freta,
628 1370 741 1401 cum
785 1363 935 1402 terras
972 1371 1159 1415 omnes,
1199 1363 1272 1403 tot
1309 1353 1559 1416 inhospita
1594 1371 1709 1403 saxa

299 1442 558 1504 sideraque
592 1457 822 1490 emensae
860 1441 1072 1501 ferimur,
1113 1443 1235 1490 dum
1271 1458 1358 1504 per
1393 1457 1527 1490 mare
1564 1457 1800 1504 magnum

300 1533 497 1579 Italiam
534 1532 785 1593 sequimur
820 1530 1089 1593 fugientem
1127 1540 1175 1580 et
1210 1530 1454 1579 volvimur
1489 1529 1650 1579 undiS.
1696 1560 1715 1580 0

300 1621 403 1667 Hic
441 1621 612 1682 Erycis
649 1621 773 1667 fines
809 1618 1007 1667 fraterni
1043 1629 1192 1682 atque
1229 1619 1410 1682 hospes
1447 1622 1684 1668 Acestes:

298 1709 407 1771 quis
444 1709 672 1770 prohibet
709 1724 876 1756 muros
913 1709 1073 1756 iacere
1110 1716 1158 1756 et
1195 1709 1312 1757 dare
1349 1707 1539 1756 civibus
1576 1707 1788 1756 urbem?

300 1800 345 1848 O
382 1799 540 1860 patria
572 1807 620 1845 et
656 1799 780 1860 rapti
817 1798 1120 1860 nequiquam
1158 1813 1219 1845 ex
1255 1798 1398 1845 hoste
1436 1798 1661 1856 Penates,

299 1888 499 1934 nullane
536 1885 636 1934 iam
673 1887 852 1934 Troiae
889 1887 1116 1934 dicentur
1151 1885 1388 1934 moenia?
1423 1901 1671 1948 nusquam

301 1977 581 2024 Hectoreos
617 1991 789 2023 amnes
826 1976 1083 2023 Xanthum
1120 1984 1168 2022 et
1204 1976 1458 2023 Simoenta
1491 1973 1711 2023 videbo?

301 2062 436 2125 Quin
472 2063 600 2125 agite
638 2072 685 2111 et
721 2080 920 2112 mecum
957 2065 1194 2111 infaustas
1232 2063 1417 2111 exurite
1453 2078 1656 2125 puppes.

300 2154 432 2200 Nam
469 2152 588 2198 mihi
628 2151 934 2200 Cassandrae
970 2168 1058 2214 per
1082 2168 1314 2199 somnum
1351 2149 1473 2198 vatis
1510 2150 1674 2211 imago

300 2241 529 2289 ardentes
565 2239 681 2288 dare
718 2239 821 2288 visa
855 2241 1018 2288 faces:
1062 2241 1193 2287 ‘Hic
1231 2240 1449 2301 quaerite
1485 2237 1700 2298 Troiam,

297 2328 378 2375 hic
415 2329 593 2377 domus
629 2329 728 2376 est’
765 2328 925 2390 inquit
964 2329 1162 2376 ‘vobis’
1236 2329 1344 2375 Iam
1382 2336 1578 2389 tempus
1615 2327 1692 2388 agi
1727 2341 1818 2385 res,

299 2433 391 2464 nec
426 2416 573 2464 tantis
611 2432 749 2465 mora
783 2415 1031 2479 prodigiis.
1108 2418 1186 2463 En
1222 2425 1453 2478 quattuor
1488 2431 1600 2463 arae

300 2506 569 2567 Neptun03
607 2506 728 2553 deus
765 2506 869 2567 ipse
906 2507 1038 2553 faces
1075 2505 1394 2565 animamque
1431 2502 1704 2550 ministrat.'

300 2595 445 2641 Haec
481 2609 762 2640 memorans
798 2594 955 2655 prima
991 2594 1239 2641 infensum
1273 2592 1322 2639 vi
1357 2592 1558 2654 corripit
1592 2591 1759 2653 ignem

299 2682 591 2742 sublataque
625 2682 801 2742 procul
838 2681 1010 2728 dextra
1045 2680 1258 2728 connixa
1289 2688 1515 2728 coruscat

299 2777 347 2815 et
383 2767 510 2816 iacit.
584 2770 818 2815 Arrectae
854 2776 1047 2815 mentes
1084 2769 1458 2829 stupefactaque
1494 2767 1645 2815 corda

300 2857 531 2904 Iliadum.
605 2855 707 2902 Hic
743 2872 841 2902 una
877 2871 904 2903 e
939 2854 1104 2903 multis
1141 2872 1267 2918 quae
1304 2841 1517 2903 maxima
1552 2864 1687 2913 natU,

299 2944 473 3005 Pyrgo,
510 2951 583 2990 tot
620 2941 800 2990 Priami
836 2951 1062 2991 natorum
1101 2944 1233 3005 regia
1269 2944 1429 2990 nutrix
1447 2961 1460 3003 ;

301 3032 446 3079 ‘Non
484 3032 642 3079 Beroe
678 3031 831 3089 vobis,
871 3047 973 3079 non
1010 3032 1134 3079 haec
1171 3032 1431 3089 Rhoeteia,
1470 3039 1664 3088 matres,
