2023 3267
686 61 737 107 P.
778 61 1074 108 VERGILI
1115 60 1441 109 MARONIS
1726 50 1931 127 [88-12'0

335 227 594 274 squamam
632 211 932 258 incendebat
969 211 1140 291 fulgor,
1180 222 1270 260 ceu
1307 212 1525 260 nubibus
1560 227 1701 261 arcus
1736 205 1743 210 ’

334 300 466 348 mille
503 298 616 347 iacit
653 300 813 347 varios
850 300 1059 348 adverso
1095 301 1199 348 sole
1235 302 1439 349 colores.

238 406 300 451 90
339 386 609 450 Obstupuit
645 385 750 435 visu
788 389 1000 434 Aeneas.
1075 388 1167 436 Ille
1203 386 1401 449 agmine
1437 389 1588 450 longo

334 477 535 524 tandem
573 474 699 523 inter
735 484 929 537 pateras
967 484 1015 522 et
1051 474 1178 524 levia
1214 477 1393 537 pocula
1431 492 1630 539 serpens
1839 489 1855 509 ²
1898 504 1906 551 ζ
1951 490 1991 557 χ’

331 564 602 625 libavitque
641 565 794 625 dapes
832 579 1097 624 rursusque
1134 563 1364 612 innoxius
1400 563 1503 612 imo
1678 623 1680 625 ι
1764 559 1790 634 J
1813 541 1825 563 e
1904 555 1913 560 ’
1941 542 2023 625 34&

333 652 569 702 successit
606 652 796 700 tumulo
833 660 882 700 et
918 652 1124 722 depasta
1161 650 1331 700 altaria
1365 651 1523 715 liquit.
1629 631 1697 703 J&
1746 652 1752 664 “
1799 636 1832 690 2³
1868 617 1936 691 st

3 742 48 794 ,ῤ’
72 741 214 806 fist:
236 762 297 795 ,,;.-
333 744 450 790 Hoc
488 738 643 803 magis
679 739 907 802 inceptos
943 740 1153 802 genitori
1189 739 1426 788 instaurat
1461 741 1693 801 honores,
1864 713 1879 734 ἱ

231 847 292 895 95
332 831 561 889 incertus,
601 828 869 892 geniumne
908 827 1005 876 loci
1041 828 1344 877 famulumne
1375 828 1591 891 parentis

330 935 438 968 esse
474 927 642 982 putet:
692 916 857 965 caedit
892 916 1034 965 binas
1073 917 1136 965 de
1173 933 1310 966 more
1346 916 1577 966 bidentes

329 1017 502 1070 totque
540 1022 665 1064 su-es,
704 1005 912 1053 totidem
950 1004 1199 1068 nigrantes
1237 1014 1371 1068 terga
1407 1004 1659 1064 iuvencos,

232 1094 252 1119 Κ
328 1098 541 1158 vinaque
577 1093 819 1142 fundebat
855 1094 1038 1156 pateris
1077 1093 1393 1156 animamque
1429 1095 1639 1142 vocabat
1865 1149 1872 1163 Ἰ

331 1183 579 1232 Anchisae
616 1181 782 1246 magni
820 1198 1092 1244 manesque
1130 1182 1415 1230 Acheronte
1450 1180 1694 1230 remissos.
1770 1180 1891 1279 ΟἸ
1915 1175 1952 1205 ⁸

200 1290 291 1323 100
329 1275 439 1322 Nec
474 1287 578 1320 non
615 1279 664 1341 et
701 1270 838 1330 socii,
827 1286 1003 1354 ‚guae
1040 1269 1220 1333 cuique
1257 1279 1330 1318 est
1367 1271 1524 1333 copia,
1563 1269 1680 1319 laeti

220 1396 227 1403 .
268 1379 273 1384 ’
329 1343 486 1410 {sona
497 1336 673 1420 ferunt,
714 1352 922 1408 onerant
958 1375 1063 1408 aras
1100 1368 1421 1421 mactantque
1457 1359 1707 1418 iuvencOS,

328 1449 501 1499 ordine
538 1452 665 1497 ae'na
701 1450 868 1497 locant
905 1448 987 1495 alii
1023 1448 1218 1510 fusique
1253 1462 1341 1510 per
1377 1447 1581 1496 herbam
1633 1444 1761 1507 Ἆρ’
1803 1430 1893 1514 '‘jfi

326 1536 594 1586 subiiciunt
629 1536 824 1584 veribus
861 1551 1041 1598 prunas
1078 1544 1126 1583 et
1162 1534 1350 1583 viscera
1385 1543 1584 1584 torrent.
1657 1510 1805 1597 QZ,

195 1728 283 1776 105
325 1717 568 1762 Auroram
606 1711 931 1761 Phaethontis
969 1711 1082 1774 equi
1120 1711 1218 1759 iam
1255 1713 1366 1760 luce
1401 1713 1662 1771 vehebant,

324 1804 554 1865 famaque
592 1800 830 1849 finitimos
867 1810 916 1849 et
951 1799 1070 1875 clari
1106 1816 1291 1849 nomen
1328 1803 1548 1874 Acestae-

324 1873 565 1940 excierat:
615 1891 746 1937 laeto
782 1889 1090 1951 complerant
1126 1889 1269 1936 litora
1305 1898 1452 1936 coetu

322 1978 471 2027 visuri
506 1976 785 2037 Aeneadas,
825 1992 937 2039 pars
975 1985 1024 2025 et
1061 1986 1247 2025 certare
1283 1976 1454 2039 parati.

326 2070 538 2115 Munera
572 2064 814 2128 principio
851 2075 965 2113 ante
1003 2066 1175 2112 oculos
1213 2066 1444 2128 circoque
1478 2064 1704 2114 locantur

194 2173 286 2206 110
323 2157 374 2204 in
409 2155 591 2214 medio,
629 2153 753 2202 sacri
789 2153 1009 2215 tripodes
1046 2151 1328 2216 viridesque
1364 2169 1578 2203 coronae

324 2254 373 2294 et
409 2245 602 2308 palmae
638 2241 849 2305 pretium
889 2241 1172 2302 xi‚ctoribus
1211 2258 1444 2305 armaque
1481 2251 1529 2292 et
1565 2252 1701 2292 ostro

322 2335 553 2414 perfusae
583 2341 757 2390 vestes,
797 2332 985 2419 argenti
1023 2331 1226 2392 aurique
1262 2331 1476 2392 talenta,

325 2432 373 2470 et
410 2407 529 2469 tuba
565 2407 859 2468 commissos
895 2403 1080 2467 medio
1101 2400 1639 2501 canitiaggerelludos.
1661 2408 1764 2489 b
1819 2467 1847 2501 Η

1794 2499 1852 2528 ,ffi-

0 2484 270 2595 &W
326 2508 490 2557 Prima
526 2523 666 2575 pares
703 2492 876 2554 ineunt
911 2505 1139 2573 gravibus
1176 2484 1446 2554 cer'tamina
1480 2506 1650 2555 remis¹
1709 2489 1821 2534 (¹²

195 2613 285 2661 115
326 2606 557 2659 quattuor
593 2611 652 2643 ex
689 2594 825 2643 omni
863 2595 1086 2642 delectae
1122 2595 1279 2642 classe
1315 2593 1523 2642 carinae.
1861 2588 1870 2595 ’

323 2686 563 2753 Velocem
602 2683 896 2730 Mnestheus
932 2683 1031 2743 agit
1067 2681 1167 2729 acri
1201 2681 1384 2744 remige
1421 2681 1630 2741 Pristim,

323 2790 440 2822 mox
476 2772 631 2820 Italus
672 2770 979 2830 Mnestheus,
1018 2785 1173 2832 genus
1209 2786 1238 2818 a
1274 2786 1376 2832 quo
1412 2745 1617 2820 nom-ine
1655 2770 1882 2831 Memmi,

323 2865 674 2926 ingentemque
712 2861 845 2922 Gyas
881 2859 1070 2921 ingenti
1107 2859 1239 2907 mole
1276 2858 1605 2918 Chimaeram,

34 3015 39 3026 I
252 2981 261 2992 ,.
322 2951 456 2999 urbis
478 2965 631 3014 opus,
669 2946 847 3033 triplici
883 2947 1040 3007 pubes
1078 2962 1226 3009 quam
1265 2947 1500 2996 Dardana
1534 2963 1676 3045 vegsu

0 3032 74 3121 ²2¹
193 3059 286 3089 120
323 3039 595 3113 impellunt,
634 3046 775 3085 terno
811 3044 1115 3098 consurgunt
1151 3034 1326 3084 ordine
1361 3034 1498 3095 remi,
