2023 3267
334 204 503 252 ‘Vade
539 219 628 266 age
666 212 715 252 et
752 205 984 263 Ascanio,
1024 204 1063 252 si
1101 205 1197 253 iarn
1235 205 1420 268 puerile
1457 215 1683 269 paratum

329 309 507 355 agmen
544 293 695 340 habet
732 309 900 341 secum
937 309 1203 356 cursusque
1241 293 1464 342 instruxit
1480 284 1757 358 ‘equorum,

199 397 294 444 550
331 382 479 430 ducat
516 395 610 429 avo
647 390 832 429 turmas
866 390 913 428 et
950 397 1058 429 sese
1097 382 1327 430 ostendat
1364 383 1414 429 in
1452 382 1600 431 armis

196 839 288 886 555

192 1270 287 1330 560

198 1711 291 1772 565

332 469 438 518 dic'
475 469 556 518 ait.
631 471 745 530 Ipse
783 485 985 516 omnem
1022 470 1172 531 longo
1210 469 1465 518 discedere
1503 470 1634 519 circo

330 557 545 605 infusum
583 557 825 619 populum
863 565 910 604 et
948 571 1153 619 campos
1191 556 1328 605 iubet
1365 573 1472 606 esse
1508 567 1747 621 patentes.
1823 593 1839 613 Ι

333 647 582 694 Incedunt
618 644 771 707 pueri,
799 629 1079 707 pariterque
1118 654 1232 693 ante
1269 662 1354 693 ora
1390 656 1649 708 parentum
1739 658 1794 691 ιν

330 735 531 782 frenatis
567 734 735 782 lucent
772 733 822 780 in
861 735 1012 796 equis,
1054 750 1179 797 quos
1216 735 1377 783 omnis
1414 745 1588 784 euntes

329 824 611 870 Trinacriae
648 823 823 869 mirata
859 821 1021 870 fremit
1059 821 1340 884 Troiaeque
1377 822 1620 871 iuventus.
1657 831 1672 841 ”·

331 911 575 962 Omnibus
613 912 662 957 in
700 926 889 958 morem
929 919 1072 958 tonsa
1108 927 1253 959 corna
1290 927 1459 973 pressa
1495 927 1712 972 corona3

327 1017 509 1050 cornea
547 1000 665 1048 bina
700 1000 861 1047 ferunt
897 1000 1114 1060 praefixa
1151 998 1347 1046 hastilia
1384 1000 1527 1058 ferro,

326 1105 437 1151 pars
474 1090 606 1137 leves
643 1088 851 1135 humero
888 1086 1169 1149 pharetra53
1207 1088 1243 1134 it
1279 1096 1481 1149 pectore
1518 1104 1715 1136 summo

325 1178 497 1226 flexilis
535 1175 717 1225 obtorti
755 1192 841 1238 per
877 1177 1058 1224 collum
1097 1175 1310 1223 circulus
1351 1177 1468 1223 auri.

324 1269 446 1315 Tres
484 1264 707 1328 equitum
744 1280 950 1312 numero
987 1273 1177 1312 turmae
1215 1263 1444 1326 ternique
1485 1272 1724 1326 vagantur

331 1357 561 1404 ductores
581 1372 594 1414 3
628 1352 768 1416 pueri
805 1352 880 1401 bis
918 1351 1023 1400 seni
1063 1368 1311 1414 quemque
1350 1351 1505 1400 secuti

329 1443 526 1507 agmine
563 1441 742 1505 partito
780 1442 969 1503 fulgent
1005 1439 1305 1502 paribusque
1343 1440 1595 1502 magistris.

331 1533 448 1580 Una
485 1531 615 1579 acies
653 1531 903 1590 iuvenum,
941 1528 1078 1576 ducit
1115 1544 1262 1590 quam
1300 1545 1478 1591 parvus
1514 1537 1762 1593 ovantem!

330 1636 515 1668 nomen
554 1617 632 1666 avi
668 1619 882 1666 referens
921 1616 1158 1676 Priamus,
1199 1626 1283 1665 tua
1319 1633 1445 1677 cara,
1486 1615 1660 1676 Polite,

331 1707 605 1772 progenies,
645 1716 850 1755 auctura
888 1707 1077 1767 Italos3
1112 1722 1259 1768 quem
1296 1704 1538 1754 Thracius
1575 1706 1699 1754 albis

333 1805 496 1859 portat
533 1812 690 1858 equus
727 1795 917 1843 bicolor
952 1793 1172 1853 maculis,
1209 1792 1414 1856 vestigia
1449 1792 1594 1856 primi

332 1887 443 1934 alba
478 1885 620 1946 pedis
657 1884 970 1944 frontemque
1005 1891 1261 1930 ostentans
1298 1880 1479 1930 arduus
1517 1883 1695 1930 albam.

193 2008 209 2016 -
263 1975 472 2022 2--Alter
509 1975 645 2036 Atys,
685 1987 838 2034 genus
875 1969 1009 2017 unde
1046 1969 1149 2017 Atii
1186 1971 1371 2017 duxere
1410 1968 1586 2028 Latini,

199 2166 295 2214 570

71 2579 291 2654 s'575

196 3020 292 3096 5²80

333 2077 511 2124 parvus
548 2062 669 2122 Atys
707 2074 961 2122 pueroque
997 2074 1118 2120 puer
1155 2057 1365 2105 dilectus
1403 2058 1528 2106 Iulo.

335 2153 594 2198 Extremus
631 2150 887 2209 formaque
925 2155 1040 2194 ante
1067 2161 1242 2194 omnes
1278 2146 1486 2208 pulcher
1523 2136 1661 2193 Iulus

334 2237 540 2287 Sidonio
577 2246 650 2285 est
686 2235 910 2283 invectus
948 2250 1092 2296 equo,
1133 2249 1282 2296 quem
1319 2233 1533 2282 candida
1571 2233 1706 2281 Dido

335 2343 441 2375 esse
478 2325 552 2373 sui
589 2324 791 2373 dederat
826 2321 1189 2370 monimentum
1222 2330 1271 2369 et
1306 2320 1481 2384 pignus
1519 2320 1709 2369 amoris.

336 2417 514 2465 Cetera
549 2410 790 2460 Trinacrii
825 2412 980 2474 pubes
1017 2408 1222 2458 senioris
1259 2411 1469 2457 Acestae

334 2504 482 2551 fertur
517 2502 672 2563 equis.

336 2590 600 2653 Excipiunt
635 2590 808 2651 plausu
844 2585 1050 2649 pavidos
1086 2585 1403 2648 gaudentque
1440 2593 1633 2633 tuentes

336 2679 652 2727 Dardanidae
688 2685 1009 2736 veterumque
1046 2682 1322 2735 agnoscunt
1359 2688 1444 2721 ora
1478 2681 1751 2734 parentum.

334 2769 605 2828 Postquam
643 2780 844 2812 omnem
881 2762 995 2809 laeti
1031 2776 1319 2808 consessum
1357 2760 1628 2822 oculosque
1664 2776 1864 2809 suorum

331 2857 595 2903 lustravere
632 2851 681 2899 in
719 2849 875 2913 equis,
915 2850 1105 2911 signum
1145 2849 1359 2896 clamore
1396 2847 1575 2910 paratis

331 2942 568 3005 Epytides
605 2941 751 3002 longe
788 2936 927 2986 dedit
963 2934 1280 2997 insonuitque
1317 2936 1522 2998 flagello.

329 3032 430 3082 Olli
466 3030 737 3079 discurrere
772 3043 929 3090 pares,
969 3035 1116 3087 atque
1154 3023 1352 3087 agmina
1389 3024 1512 3072 terni

686 56 734 101 P.
777 55 1071 103 VERGILI
1112 56 1435 105 MARoNIS
1687 28 1930 121 [548-580
1992 31 1996 33 ’

1777 242 2023 321 ‘aveo-*⁰7⁵4

1954 322 1967 347 ι’

1974 2751 2023 3267 Μξήῂςηωμ
2006 2707 2023 2730 v
