2023 3267
194 613 286 660 750

197 1051 288 1100 755

200 1481 294 1541 760

260 1830 286 1857 Λ

203 1924 293 1984 765

311 232 343 254 s

331 1747 487 1793 factus
524 1745 714 1792 honos:
751 1741 935 1805 placidi
972 1750 1246 1812 straverunt
1281 1755 1500 1803 aequora
1533 1740 1680 1801 venti,
1743 1717 1842 1782 ‘flu

379 0 461 17 ,μ’
520 0 589 22 ,χιι-ι
646 0 655 5 ν
702 0 799 7 ιι..
918 0 1031 12 ovu—

671 93 722 138 P.
761 48 1057 138 V'ERGILI
1099 67 1424 138 MARole
1674 87 1915 154 [746-778

424 243 691 305 Extemplo
729 241 889 292 socios
925 240 1238 304 primumque
1281 242 1480 288 arcessit
1515 243 1746 301 Acesten,

321 341 370 380 et
406 331 538 380 Iovis
575 330 835 394 imperium
873 339 921 378 et
954 331 1053 377 cari
1087 337 1351 392 praecepta
1386 328 1603 390 parentis

325 421 504 469 edocet
541 428 589 468 et
625 435 753 482 quae
796 434 929 466 nunc
962 417 1127 466 animo
1165 418 1408 465 sententia
1443 425 1653 465 constet.

325 509 479 556 Haud
515 523 653 555 mora
685 507 918 567 consiliis,
957 522 1050 554 nec
1086 507 1216 554 iussa
1252 513 1446 553 recusat
1478 508 1699 554 Acestes.

325 596 680 645 Transcribunt
717 594 825 643 urbi
862 603 1041 643 matres
1078 594 1420 656 populumque
1456 594 1705 642 volentem

327 685 604 747 deponunt,
642 682 835 731 animos
873 681 942 729 nil
975 697 1183 744 magnae
1219 680 1379 729 laudis
1413 689 1626 744 egentes.

329 773 432 833 Ipsi
466 779 674 819 transtra
710 779 895 819 novant
932 768 1243 831 flammisque
1283 770 1486 817 ambesa
1519 777 1765 832 reponunt

327 860 505 908 robora
539 857 757 920 navigiis,
790 866 959 920 aptant
994 873 1253 919 remosque
1290 858 1638 921 rudentesque,

327 946 485 1011 exigui
521 962 741 1005 numero,
778 947 867 994 sed
904 946 1036 994 bello
1071 944 1237 993 vivida
1272 944 1437 993 virtus.

327 1037 524 1084 Interea
559 1037 757 1083 Aeneas
793 1034 966 1082 urbem
1001 1033 1226 1095 designat
1263 1042 1422 1081 aratro

328 1124 625 1186 sortiturque
658 1124 851 1181 domos,
890 1124 988 1171 hoc
1023 1123 1172 1170 Ilium
1203 1130 1251 1170 et
1284 1123 1407 1170 haec
1441 1123 1551 1170 loca
1587 1122 1790 1172 Troiam

331 1229 438 1263 esse
471 1214 620 1262 iubet.
695 1213 895 1261 Gaudet
929 1227 1083 1274 regno
1121 1210 1365 1259 Troianus
1403 1213 1622 1270 Acestes,

328 1301 602 1363 indicitque
635 1302 793 1348 forum
827 1309 875 1348 et
912 1298 1131 1361 patribus
1166 1299 1251 1347 dat
1287 1300 1392 1347 iura
1425 1298 1627 1347 vocatis.

329 1392 461 1438 Tum
498 1388 659 1438 vicina
691 1389 831 1436 astris
866 1386 1081 1450 Erycino
1115 1389 1165 1435 in
1198 1388 1381 1435 vertice
1418 1387 1560 1436 sedes

327 1478 559 1527 fundatur
593 1476 779 1526 Veneri
817 1475 1020 1535 Idaliae,
1060 1477 1354 1537 tumuloque
1393 1477 1623 1524 sacerdos

332 1584 389 1616 ac
425 1568 563 1616 lucus
599 1567 696 1615 late
740 1580 877 1614 sacer
912 1564 1110 1613 additur
1150 1564 1419 1613 Anchiseo.
1467 1606 1512 1623 l

431 1657 640 1718 Iamque
678 1654 783 1704 dies
821 1655 1018 1716 epulata
1054 1669 1235 1702 novem
1269 1669 1389 1715 gens
1427 1652 1602 1712 omnis,
1638 1662 1686 1702 et
1721 1654 1816 1702 aris
1848 1693 1991 1767 Μ

332 1833 502 1880 creber
537 1840 585 1880 et
621 1830 841 1893 aspirans
877 1845 1040 1877 rursus
1076 1837 1221 1877 vocat
1257 1831 1438 1877 Auster
1472 1827 1524 1877 in
1559 1831 1724 1878 altum.

1784 1883 1825 1895 ..α

334 1920 561 1969 Exoritur
598 1935 839 1982 procurva
871 1917 1043 1981 ingens
1077 1933 1162 1980 per
1198 1916 1341 1965 litora
1375 1917 1519 1966 fletus
1537 1937 1551 1978 3
1638 1902 1739 1955 cb.»
1763 1902 1840 1939 ¹²³2
1854 1908 1895 1938 Α

331 2007 578 2071 complexi
609 2007 734 2056 inter
770 2023 823 2055 se
858 2015 1160 2068 noctemque
1195 2005 1427 2068 diemque
1463 2015 1725 2054 morantur.

199 2378 295 2424 770

203 2817 295 2865 775

334 2101 480 2160 Ipsae
519 2097 616 2145 iam
654 2106 848 2154 matres,
888 2094 994 2157 ipsi,
1035 2094 1214 2157 quibus
1251 2110 1422 2157 aspera
1459 2096 1716 2157 quondam

332 2186 436 2235 visa
471 2184 619 2233 maris
656 2185 804 2233 facies
838 2193 886 2232 et
922 2199 1024 2231 non
1061 2183 1314 2231 tolerabile
1351 2199 1552 2242 numen,

332 2274 401 2322 ire
436 2275 609 2322 volunt
646 2287 944 2334 omnemque
980 2273 1124 2333 fugae
1160 2272 1372 2332 perferre
1405 2272 1638 2319 laborem.

334 2364 475 2424 Quos
512 2362 675 2410 bonus
711 2362 907 2408 Aeneas
944 2359 1087 2408 dictis
1125 2361 1308 2408 solatur
1344 2358 1516 2407 amicis
1795 2374 1869 2449 ὦ,
1892 2357 2023 2429 42st

335 2461 382 2499 et
419 2449 790 2513 consanguineo
828 2448 1088 2496 lacrimans
1119 2449 1438 2496 commendat
1474 2451 1699 2498 Acestae.
1754 2419 1788 2458 ΛΞ
1824 2428 1868 2491 2¹⁶

332 2541 455 2587 Tres
494 2540 638 2601 Eryci
672 2539 850 2586 vitulos
887 2546 935 2586 et
965 2536 1368 2599 Tempestatibus
1401 2552 1578 2598 agnam

335 2627 541 2675 caedere
578 2625 760 2674 deinde
794 2624 932 2674 iubet
969 2624 1191 2686 solvique
1228 2640 1288 2672 ex
1324 2623 1497 2673 ordine
1532 2625 1755 2674 funem?
1794 2644 1806 2661 -·-
1842 2647 1849 2652 ·
1884 2643 1891 2647 ·

335 2716 451 2776 Ipse
486 2723 634 2776 caput
671 2722 844 2761 tonsae
881 2712 1009 2761 foliis
1046 2712 1269 2761 evinctus
1306 2712 1480 2772 olivae,

1900 2581 1981 2643 l„

337 2812 470 2851 stans
507 2804 679 2864 procul
717 2802 766 2849 in
801 2818 945 2863 prora
977 2811 1197 2864 pateram
1230 2810 1378 2860 tenet,
1419 2809 1630 2863 extaque
1667 2803 1820 2851 salsos
2015 2793 2023 2829 ³

335 2889 529 2953 proiicit
564 2889 613 2936 in
651 2891 826 2937 fluctus
863 2906 921 2937 ac
955 2889 1067 2936 vina
1103 2888 1344 2951 liquentia
1379 2888 1553 2937 fundit.
2007 2878 2011 2880 ’

335 2976 559 3026 certatim
594 2975 715 3025 socii
747 2978 925 3024 feriunt
962 2992 1095 3025 mare
1132 2985 1180 3024 et
1216 2992 1431 3038 aequora
1466 2985 1693 3026 verrunt:

254 3065 263 3111 2
333 3065 647 3129 prosequitur
683 3081 884 3128 surgens
921 3081 950 3112 a
985 3065 1141 3128 puppi
1176 3074 1352 3114 ventus
1390 3075 1577 3115 euntes.
