2023 3267
639 41 690 87 P.
731 40 1028 88 VERGILI
1069 39 1395 88 MARONIS
1648 36 1887 104 [416-448

158 136 1887 191 ψ-ὛΤ-ῖγ-ῂ-ζ-ᾣ-

287 152 594 262 temporiins
631 191 839 254 geminis
875 193 1087 240 canebat
1125 152 1293 270 sparsa
1328 157 1570 240 senectds.
1865 204 1905 275 νςΥ
1948 243 1968 264 ἡ

287 279 384 327 Sed
422 281 462 327 si
500 288 667 327 nostra
705 281 861 328 Dares
897 262 1022 327 haec
1058 262 1236 327 Troius
1273 294 1432 326 arma
1444 287 1649 337 recusat,
1824 270 1999 362 >of-*²

287 366 438 430 idque
475 366 558 428 pio
596 367 736 416 sedet
772 370 989 426 Aeneae,
1030 367 1205 430 probat
1242 375 1413 416 auctor
1448 370 1669 425 Acestes,
1754 350 1850 462 ὄζω

286 471 554 517 aequemus
592 471 794 518 pugnas.
870 456 1040 517 Erycis
1077 455 1165 503 tibi
1202 463 1337 518 terga
1372 454 1570 503 remitto

152 560 251 602 420
289 544 445 606 (solve
483 543 664 607 metus)
702 552 751 591 et
788 552 841 590 tu
878 542 1122 592 Troianos
1161 559 1285 592 exue
1321 542 1546 592 caestus.'

290 632 434 679 Haec
471 632 598 679 satus
635 630 888 693 duplicem
926 647 986 679 ex
1023 631 1238 680 humeris
1275 630 1443 680 reiecit
1480 630 1730 691 amictum,

288 728 336 768 et
373 735 579 781 magnos
618 720 952 769 membrorum
988 730 1135 780 artUS,
1175 737 1352 784 magna
1389 736 1501 769 ossa
1535 721 1844 783 lacertosque

287 809 420 856 exuit
455 816 606 870 atque
642 810 817 871 ingens
857 808 1022 858 media
1059 808 1284 858 consistit
1321 825 1482 858 arena.
1518 857 1541 878 Ι

286 900 419 946 Tum
455 907 588 946 satus
625 897 846 946 Anchisa
882 908 1075 947 caestus
1112 907 1251 960 pater
1286 898 1458 947 extulit
1493 914 1692 960 aequos,

153 1001 248 1048 425
288 994 337 1034 et
373 987 574 1048 paribus
610 987 800 1049 palmas
838 986 1101 1035 amborum
1138 985 1362 1035 innexuit
1398 985 1560 1034 armis.

287 1073 524 1123 Constitit
560 1074 610 1122 in
647 1073 831 1137 digitos
868 1075 1118 1136 extemplo
1154 1083 1370 1121 arrectus
1407 1081 1614 1135 uterque

287 1163 587 1225 brachiaque
622 1164 687 1211 ad
725 1179 926 1226 superas
965 1161 1211 1212 interritus
1249 1161 1422 1211 extulit
1458 1177 1612 1211 auras,

287 1250 555 1299 Abduxere
591 1260 721 1299 retro
758 1252 905 1314 longe
942 1250 1107 1314 capita
1143 1251 1297 1300 ardua
1334 1251 1396 1298 ab
1430 1249 1532 1299 ictu

289 1339 670 1402 immiscentque
708 1355 885 1388 manus
922 1341 1164 1399 manibus,
1199 1355 1517 1403 pugnamque
1552 1341 1813 1429 lacessunt,

153 1444 251 1489 430
287 1428 369 1476 ille
405 1429 592 1490 pedum
629 1427 804 1477 melior
842 1436 981 1476 motu
1018 1429 1267 1491 fretusque
1303 1429 1516 1488 iuventa,
1744 1414 1827 1481 'w
1923 1413 2023 1478 xxl

287 1515 366 1563 hic
402 1516 636 1565 membris
676 1526 723 1565 et
759 1518 891 1585 mole
927 1518 1130 1578 valens,
1175 1518 1264 1566 sed
1300 1518 1439 1566 tarda
1475 1517 1706 1566 trementi
1751 1479 1963 1602 ω”ῢχ

284 1620 446 1667 genua
481 1605 664 1665 labant,
705 1613 870 1654 vastos
909 1604 1067 1667 quatit
1103 1621 1248 1694 aeger
1284 1574 1715 1716 anhelitusiartus.
1839 1602 1890 1658 33

289 1693 452 1740 Multa
487 1693 575 1740 viri
612 1676 916 1755 nequiquam
953 1692 1081 1740 inter
1117 1698 1169 1741 se'
1204 1695 1408 1742 vulnera
1445 1693 1650 1753 iactant,
1645 1664 1860 1784 (XX-*50⁹

287 1783 442 1828 multa
477 1797 601 1830 cavo
636 1783 775 1833 lateri
811 1781 1120 1845 ingeminant
1157 1791 1206 1830 et
1241 1757 1442 1844 peztore
1480 1791 1647 1831 vastos
1692 1795 1743 1824 ’ω
1772 1848 1786 1860 x

153 1882 246 1930 435
289 1869 410 1916 dant
446 1868 652 1928 sonitus,
691 1878 919 1932 erratque
955 1885 1097 1918 aures
1135 1878 1184 1920 et
1220 1879 1446 1933 tempora
1481 1872 1670 1919 circum
1789 1866 1838 1919 *x

287 1958 458 2006 crebra
494 1950 682 2017 manus,
722 1958 845 2006 duro
884 1957 1127 2020 crepitant
1163 1960 1254 2007 sub
1291 1960 1494 2008 vulnere
1530 1960 1703 2007 malae.
1774 2001 1778 2008 ,

289 2047 395 2094 Stat
430 2045 588 2122 gravis
627 2047 852 2094 Entellus
889 2045 1100 2109 nisuque
1137 2047 1371 2123 immotus
1409 2047 1605 2107 eodem,

289 2118 627 2219 corporeJtela
664 2122 817 2183 modo
853 2144 1004 2197 atque
1041 2136 1198 2183 oculis
1234 2109 1550 2197 vigilant-ibus
1573 2110 1722 2222 5(Ξῖ
1741 2112 1783 2176 :a
1842 2112 1850 2123 ’
1988 2121 2023 2145 “⁷

292 2223 398 2281 Ille,
436 2224 569 2270 velut
605 2224 787 2271 celsam
825 2232 1081 2285 oppugnat
1117 2225 1201 2286 qui
1237 2224 1452 2272 molibus
1488 2223 1662 2272 urbem
1717 2231 1844 2287 ὀψὲ

1849 2177 2023 2240 ..σᾷ

156 2327 253 2370 440
291 2320 373 2359 aut
409 2320 650 2360 montana
686 2312 827 2360 sedet
863 2313 1049 2359 circum
1088 2314 1290 2360 castella
1326 2315 1419 2361 sub
1456 2314 1618 2372 armis,

291 2418 423 2450 nunc
459 2403 565 2461 hos,
603 2418 738 2450 nunc
774 2402 884 2450 illos
921 2403 1100 2462 aditus,
1135 2418 1436 2464 omnemque
1474 2411 1689 2464 pererrat

291 2499 393 2538 arte
428 2491 593 2538 locum
631 2500 679 2538 et
715 2489 859 2538 variis
895 2489 1158 2539 assultibus
1194 2490 1354 2539 irritus
1390 2499 1575 2553 urguet.
1648 2504 1716 2581 s

295 2573 528 2624 Ostendit
565 2575 791 2623 dextram
828 2573 1084 2637 insurgens
1123 2576 1348 2624 Entellus
1386 2585 1435 2624 et
1470 2577 1568 2624 alte

295 2662 494 2711 extulit:
536 2662 618 2711 ille
654 2662 817 2711 ictum·
843 2662 1129 2712 venientem
1165 2680 1195 2711 a
1230 2663 1412 2712 vertice
1447 2665 1590 2712 velox

161 2766 257 2814 445
299 2750 541 2814 praevidit
576 2752 823 2812 celerique
861 2752 1057 2813 elapsus
1094 2767 1301 2814 corpore
1337 2752 1517 2811 cessit3
1552 2776 1564 2802 ι
1619 2808 1621 2810 ,
1695 2806 1699 2807 ⁷
1844 2807 1847 2809 Α

296 2840 521 2888 Entellus
557 2837 683 2886 vires
719 2838 769 2885 in
806 2848 1009 2886 ventum
1047 2838 1231 2899 effudit,
1271 2847 1321 2888 et
1356 2840 1485 2887 ultro
1510 2856 1634 2902 'fier
1729 2840 1763 2894 τῖῗ
1787 2883 1802 2896 ,

296 2927 402 2989 ipse
438 2927 596 2988 gravis
633 2925 941 2988 graviterque
977 2928 1042 2975 ad
1081 2936 1258 2975 terram
1279 2928 1527 3010 pondere
1554 2936 1693 2977 vasto

297 3013 531 3074 concidit,
569 3023 622 3062 ut
659 3014 912 3075 quondam
950 3029 1070 3062 cava
1106 2980 1445 3108 ᾆοῑῖοῗῖἆίῆει-ιῖ
1482 2980 1800 3138 Εῆπὶῖηὼο

2018 3149 2023 3156 .

2013 3168 2023 3179 Α

1899 3243 1910 3250 ψ
1931 3210 2023 3267 ³2⁴³ss

1864 3255 1876 3267 7
1916 3251 1989 3267 2³⁵2ss
2001 3263 2008 3267 .
