<?xml version="1.0" encoding="UTF-8"?>
<!DOCTYPE html PUBLIC "-//W3C//DTD XHTML 1.0 Transitional//EN"
    "http://www.w3.org/TR/xhtml1/DTD/xhtml1-transitional.dtd">
<html xmlns="http://www.w3.org/1999/xhtml" xml:lang="en" lang="en">
 <head>
  <title>
</title>
<meta http-equiv="Content-Type" content="text/html;charset=utf-8" />
  <meta name='ocr-system' content='tesseract 3.04.00' />
  <meta name='ocr-capabilities' content='ocr_page ocr_carea ocr_par ocr_line ocrx_word'/>
</head>
<body>
  <div class='ocr_page' id='page_1' title='image "./theaeneid00virguoft_0035.png"; bbox 0 0 2023 3267; ppageno 0'>
   <div class='ocr_carea' id='block_1_1' title="bbox 0 0 1272 135">
    <p class='ocr_par' dir='ltr' id='par_1_1' title="bbox 0 0 1272 135">
     <span class='ocr_line' id='line_1_1' title="bbox 0 0 1272 135; baseline -0.011 -6"><span class='ocrx_word' id='word_1_1' title='bbox 0 0 71 130; x_wconf 0' lang='lat' dir='ltr'><strong>{A</strong></span> <span class='ocrx_word' id='word_1_2' title='bbox 94 70 335 135; x_wconf 79' lang='lat'>515-547]</span> <span class='ocrx_word' id='word_1_3' title='bbox 641 69 1004 118; x_wconf 91' lang='lat' dir='ltr'><strong>AENEIDOS</strong></span> <span class='ocrx_word' id='word_1_4' title='bbox 1041 70 1169 117; x_wconf 92' lang='lat' dir='ltr'><strong>LIB.</strong></span> <span class='ocrx_word' id='word_1_5' title='bbox 1211 70 1272 115; x_wconf 89' lang='lat' dir='ltr'><strong>V.</strong></span> 
     </span>
    </p>
   </div>
   <div class='ocr_carea' id='block_1_2' title="bbox 91 234 186 285">
    <p class='ocr_par' dir='ltr' id='par_1_2' title="bbox 91 234 186 285">
     <span class='ocr_line' id='line_1_2' title="bbox 91 234 186 285; baseline 0 0"><span class='ocrx_word' id='word_1_6' title='bbox 91 234 186 285; x_wconf 84' lang='lat'><strong>515</strong></span> 
     </span>
    </p>
   </div>
   <div class='ocr_carea' id='block_1_3' title="bbox 92 677 189 726">
    <p class='ocr_par' dir='ltr' id='par_1_3' title="bbox 92 677 189 726">
     <span class='ocr_line' id='line_1_3' title="bbox 92 677 189 726; baseline -0.01 -14"><span class='ocrx_word' id='word_1_7' title='bbox 92 677 189 726; x_wconf 89' lang='lat'><strong>520</strong></span> 
     </span>
    </p>
   </div>
   <div class='ocr_carea' id='block_1_4' title="bbox 92 1119 185 1167">
    <p class='ocr_par' dir='ltr' id='par_1_4' title="bbox 92 1119 185 1167">
     <span class='ocr_line' id='line_1_4' title="bbox 92 1119 185 1167; baseline 0 0"><span class='ocrx_word' id='word_1_8' title='bbox 92 1119 185 1167; x_wconf 88' lang='lat'><strong>525</strong></span> 
     </span>
    </p>
   </div>
   <div class='ocr_carea' id='block_1_5' title="bbox 93 2005 187 2054">
    <p class='ocr_par' dir='ltr' id='par_1_5' title="bbox 93 2005 187 2054">
     <span class='ocr_line' id='line_1_5' title="bbox 93 2005 187 2054; baseline 0 0"><span class='ocrx_word' id='word_1_9' title='bbox 93 2005 187 2054; x_wconf 87' lang='lat'><strong>535</strong></span> 
     </span>
    </p>
   </div>
   <div class='ocr_carea' id='block_1_6' title="bbox 95 2449 192 2498">
    <p class='ocr_par' dir='ltr' id='par_1_6' title="bbox 95 2449 192 2498">
     <span class='ocr_line' id='line_1_6' title="bbox 95 2449 192 2498; baseline -0.041 0"><span class='ocrx_word' id='word_1_10' title='bbox 95 2449 192 2498; x_wconf 87' lang='lat'><strong>540</strong></span> 
     </span>
    </p>
   </div>
   <div class='ocr_carea' id='block_1_7' title="bbox 98 2889 191 2938">
    <p class='ocr_par' dir='ltr' id='par_1_7' title="bbox 98 2889 191 2938">
     <span class='ocr_line' id='line_1_7' title="bbox 98 2889 191 2938; baseline 0 -1"><span class='ocrx_word' id='word_1_11' title='bbox 98 2889 191 2938; x_wconf 87' lang='grc'><strong>545</strong></span> 
     </span>
    </p>
   </div>
   <div class='ocr_carea' id='block_1_8' title="bbox 223 219 1693 3189">
    <p class='ocr_par' dir='ltr' id='par_1_8' title="bbox 223 219 1499 637">
     <span class='ocr_line' id='line_1_8' title="bbox 225 219 1458 283; baseline -0.003 -13"><span class='ocrx_word' id='word_1_12' title='bbox 225 220 323 270; x_wconf 90' lang='lat' dir='ltr'><strong>iam</strong></span> <span class='ocrx_word' id='word_1_13' title='bbox 360 235 520 270; x_wconf 91' lang='lat' dir='ltr'><strong>vacuo</strong></span> <span class='ocrx_word' id='word_1_14' title='bbox 557 221 734 270; x_wconf 88' lang='lat' dir='ltr'><strong>laetam</strong></span> <span class='ocrx_word' id='word_1_15' title='bbox 773 222 913 269; x_wconf 90' lang='lat' dir='ltr'><strong>caelo</strong></span> <span class='ocrx_word' id='word_1_16' title='bbox 950 221 1246 283; x_wconf 85' lang='lat' dir='ltr'><strong>speculatus,</strong></span> <span class='ocrx_word' id='word_1_17' title='bbox 1286 228 1333 268; x_wconf 94' lang='lat' dir='ltr'><strong>et</strong></span> <span class='ocrx_word' id='word_1_18' title='bbox 1370 219 1458 267; x_wconf 90' lang='lat' dir='ltr'><strong>alis</strong></span> 
     </span>
     <span class='ocr_line' id='line_1_9' title="bbox 225 307 1492 373; baseline -0.002 -17"><span class='ocrx_word' id='word_1_19' title='bbox 225 310 545 373; x_wconf 87' lang='lat' dir='ltr'><strong>plaudentem</strong></span> <span class='ocrx_word' id='word_1_20' title='bbox 584 308 720 371; x_wconf 87' lang='lat' dir='ltr'><strong>nigra</strong></span> <span class='ocrx_word' id='word_1_21' title='bbox 757 307 859 370; x_wconf 88' lang='lat' dir='ltr'>figit</span> <span class='ocrx_word' id='word_1_22' title='bbox 896 309 988 356; x_wconf 91' lang='lat' dir='ltr'><strong>sub</strong></span> <span class='ocrx_word' id='word_1_23' title='bbox 1026 308 1157 355; x_wconf 89' lang='lat' dir='ltr'><strong>nube</strong></span> <span class='ocrx_word' id='word_1_24' title='bbox 1194 307 1492 355; x_wconf 86' lang='lat' dir='ltr'><strong>columbam.</strong></span> 
     </span>
     <span class='ocr_line' id='line_1_10' title="bbox 226 395 1499 459; baseline -0.002 -14"><span class='ocrx_word' id='word_1_25' title='bbox 226 397 429 447; x_wconf 88' lang='lat' dir='ltr'><strong>Decidit</strong></span> <span class='ocrx_word' id='word_1_26' title='bbox 466 397 706 445; x_wconf 87' lang='lat' dir='ltr'><strong>exanimis</strong></span> <span class='ocrx_word' id='word_1_27' title='bbox 744 397 999 459; x_wconf 89' lang='lat' dir='ltr'><strong>vitamque</strong></span> <span class='ocrx_word' id='word_1_28' title='bbox 1036 395 1234 459; x_wconf 88' lang='lat' dir='ltr'><strong>reliquit</strong></span> <span class='ocrx_word' id='word_1_29' title='bbox 1273 395 1321 442; x_wconf 92' lang='lat' dir='ltr'><strong>in</strong></span> <span class='ocrx_word' id='word_1_30' title='bbox 1359 397 1499 443; x_wconf 89' lang='lat' dir='ltr'><strong>astris</strong></span> 
     </span>
     <span class='ocr_line' id='line_1_11' title="bbox 223 484 1441 548; baseline -0.003 -14"><span class='ocrx_word' id='word_1_31' title='bbox 223 484 452 534; x_wconf 88' lang='lat' dir='ltr'><strong>aetheriis</strong></span> <span class='ocrx_word' id='word_1_32' title='bbox 490 487 736 548; x_wconf 85' lang='lat' dir='ltr'><strong>fixamque</strong></span> <span class='ocrx_word' id='word_1_33' title='bbox 774 486 920 534; x_wconf 89' lang='lat' dir='ltr'><strong>refert</strong></span> <span class='ocrx_word' id='word_1_34' title='bbox 958 485 1161 547; x_wconf 90' lang='lat' dir='ltr'><strong>delapsa</strong></span> <span class='ocrx_word' id='word_1_35' title='bbox 1197 485 1441 546; x_wconf 86' lang='lat' dir='ltr'><strong>sagittam.</strong></span> 
     </span>
     <span class='ocr_line' id='line_1_12' title="bbox 224 573 1370 637; baseline -0.002 -15"><span class='ocrx_word' id='word_1_36' title='bbox 224 573 420 622; x_wconf 90' lang='lat' dir='ltr'><strong>Amissa</strong></span> <span class='ocrx_word' id='word_1_37' title='bbox 456 575 590 622; x_wconf 92' lang='lat' dir='ltr'><strong>solus</strong></span> <span class='ocrx_word' id='word_1_38' title='bbox 626 575 791 637; x_wconf 88' lang='lat' dir='ltr'><strong>palma</strong></span> <span class='ocrx_word' id='word_1_39' title='bbox 829 573 1091 636; x_wconf 90' lang='lat' dir='ltr'><strong>superabat</strong></span> <span class='ocrx_word' id='word_1_40' title='bbox 1131 575 1339 621; x_wconf 89' lang='lat' dir='ltr'><strong>Acestes</strong></span> <span class='ocrx_word' id='word_1_41' title='bbox 1358 589 1370 631; x_wconf 82' lang='lat'><em>3</em></span> 
     </span>
    </p>

    <p class='ocr_par' dir='ltr' id='par_1_9' title="bbox 225 661 1664 1966">
     <span class='ocr_line' id='line_1_13' title="bbox 229 661 1449 726; baseline -0.002 -15"><span class='ocrx_word' id='word_1_42' title='bbox 229 661 316 726; x_wconf 91' lang='lat' dir='ltr'><strong>qui</strong></span> <span class='ocrx_word' id='word_1_43' title='bbox 351 672 519 711; x_wconf 90' lang='lat' dir='ltr'><strong>tamen</strong></span> <span class='ocrx_word' id='word_1_44' title='bbox 557 662 709 711; x_wconf 79' lang='lat' dir='ltr'><strong>aerias</strong></span> <span class='ocrx_word' id='word_1_45' title='bbox 747 663 897 711; x_wconf 87' lang='lat' dir='ltr'><strong>telum</strong></span> <span class='ocrx_word' id='word_1_46' title='bbox 935 661 1174 711; x_wconf 89' lang='lat' dir='ltr'><strong>contorsit</strong></span> <span class='ocrx_word' id='word_1_47' title='bbox 1208 661 1257 708; x_wconf 91' lang='lat' dir='ltr'><strong>in</strong></span> <span class='ocrx_word' id='word_1_48' title='bbox 1296 676 1449 719; x_wconf 88' lang='lat' dir='ltr'><strong>auras,</strong></span> 
     </span>
     <span class='ocr_line' id='line_1_14' title="bbox 225 758 1570 813; baseline -0.003 -13"><span class='ocrx_word' id='word_1_49' title='bbox 225 760 481 800; x_wconf 87' lang='lat' dir='ltr'><strong>ostentans</strong></span> <span class='ocrx_word' id='word_1_50' title='bbox 517 761 772 813; x_wconf 85' lang='lat' dir='ltr'><strong>artemque</strong></span> <span class='ocrx_word' id='word_1_51' title='bbox 808 760 948 813; x_wconf 91' lang='lat' dir='ltr'><strong>pater</strong></span> <span class='ocrx_word' id='word_1_52' title='bbox 985 765 1256 813; x_wconf 89' lang='lat' dir='ltr'><strong>arcumque</strong></span> <span class='ocrx_word' id='word_1_53' title='bbox 1294 758 1570 798; x_wconf 87' lang='lat' dir='ltr'><strong>sonantem.</strong></span> 
     </span>
     <span class='ocr_line' id='line_1_15' title="bbox 226 838 1624 900; baseline -0.003 -12"><span class='ocrx_word' id='word_1_54' title='bbox 226 841 328 887; x_wconf 87' lang='lat' dir='ltr'><strong>Hic</strong></span> <span class='ocrx_word' id='word_1_55' title='bbox 365 839 521 888; x_wconf 89' lang='lat' dir='ltr'><strong>oculis</strong></span> <span class='ocrx_word' id='word_1_56' title='bbox 560 839 779 887; x_wconf 89' lang='lat' dir='ltr'><strong>subitum</strong></span> <span class='ocrx_word' id='word_1_57' title='bbox 818 838 1047 887; x_wconf 90' lang='lat' dir='ltr'><strong>obiicitur</strong></span> <span class='ocrx_word' id='word_1_58' title='bbox 1083 853 1368 900; x_wconf 90' lang='lat' dir='ltr'><strong>magnoque</strong></span> <span class='ocrx_word' id='word_1_59' title='bbox 1406 839 1624 885; x_wconf 86' lang='lat' dir='ltr'><strong>futurum</strong></span> 
     </span>
     <span class='ocr_line' id='line_1_16' title="bbox 225 924 1558 991; baseline -0.002 -15"><span class='ocrx_word' id='word_1_60' title='bbox 225 927 429 991; x_wconf 85' lang='lat' dir='ltr'><strong>augurio</strong></span> <span class='ocrx_word' id='word_1_61' title='bbox 466 936 774 976; x_wconf 86' lang='lat' dir='ltr'><strong>monstrum:</strong></span> <span class='ocrx_word' id='word_1_62' title='bbox 815 927 986 976; x_wconf 90' lang='lat' dir='ltr'><strong>docuit</strong></span> <span class='ocrx_word' id='word_1_63' title='bbox 1022 936 1135 989; x_wconf 90' lang='lat' dir='ltr'><strong>post</strong></span> <span class='ocrx_word' id='word_1_64' title='bbox 1173 925 1330 974; x_wconf 84' lang='lat' dir='ltr'><strong>exitus</strong></span> <span class='ocrx_word' id='word_1_65' title='bbox 1367 924 1558 988; x_wconf 91' lang='lat' dir='ltr'><strong>ingens,</strong></span> 
     </span>
     <span class='ocr_line' id='line_1_17' title="bbox 226 1014 1385 1079; baseline -0.002 -15"><span class='ocrx_word' id='word_1_66' title='bbox 226 1032 431 1079; x_wconf 90' lang='lat' dir='ltr'><strong>seraque</strong></span> <span class='ocrx_word' id='word_1_67' title='bbox 467 1015 665 1064; x_wconf 90' lang='lat' dir='ltr'><strong>terrifici</strong></span> <span class='ocrx_word' id='word_1_68' title='bbox 702 1015 988 1065; x_wconf 89' lang='lat' dir='ltr'><strong>cecinerunt</strong></span> <span class='ocrx_word' id='word_1_69' title='bbox 1027 1014 1197 1064; x_wconf 91' lang='lat' dir='ltr'><strong>omina</strong></span> <span class='ocrx_word' id='word_1_70' title='bbox 1233 1024 1385 1063; x_wconf 90' lang='lat' dir='ltr'><strong>vates.</strong></span> 
     </span>
     <span class='ocr_line' id='line_1_18' title="bbox 226 1103 1635 1168; baseline 0 -16"><span class='ocrx_word' id='word_1_71' title='bbox 226 1106 460 1168; x_wconf 84' lang='lat' dir='ltr'><strong>Namque</strong></span> <span class='ocrx_word' id='word_1_72' title='bbox 495 1106 670 1154; x_wconf 90' lang='lat' dir='ltr'><strong>volans</strong></span> <span class='ocrx_word' id='word_1_73' title='bbox 709 1104 909 1167; x_wconf 87' lang='lat' dir='ltr'><strong>liquidis</strong></span> <span class='ocrx_word' id='word_1_74' title='bbox 947 1104 997 1152; x_wconf 92' lang='lat' dir='ltr'><strong>in</strong></span> <span class='ocrx_word' id='word_1_75' title='bbox 1034 1105 1252 1152; x_wconf 88' lang='lat' dir='ltr'><strong>nubibus</strong></span> <span class='ocrx_word' id='word_1_76' title='bbox 1289 1103 1405 1152; x_wconf 88' lang='lat' dir='ltr'><strong>arsit</strong></span> <span class='ocrx_word' id='word_1_77' title='bbox 1442 1104 1635 1152; x_wconf 91' lang='lat' dir='ltr'><strong>arundo</strong></span> 
     </span>
     <span class='ocr_line' id='line_1_19' title="bbox 225 1192 1505 1257; baseline -0.002 -15"><span class='ocrx_word' id='word_1_78' title='bbox 225 1193 537 1257; x_wconf 87' lang='lat' dir='ltr'><strong>signavitque</strong></span> <span class='ocrx_word' id='word_1_79' title='bbox 573 1192 703 1242; x_wconf 89' lang='lat' dir='ltr'><strong>viam</strong></span> <span class='ocrx_word' id='word_1_80' title='bbox 741 1193 951 1241; x_wconf 91' lang='lat' dir='ltr'><strong>flammis</strong></span> <span class='ocrx_word' id='word_1_81' title='bbox 988 1202 1265 1256; x_wconf 90' lang='lat' dir='ltr'><strong>tenuesque</strong></span> <span class='ocrx_word' id='word_1_82' title='bbox 1302 1193 1505 1240; x_wconf 89' lang='lat' dir='ltr'><strong>recessit</strong></span> 
     </span>
     <span class='ocr_line' id='line_1_20' title="bbox 225 1281 1514 1345; baseline -0.002 -15"><span class='ocrx_word' id='word_1_83' title='bbox 225 1290 519 1345; x_wconf 88' lang='lat' dir='ltr'><strong>consumpta</strong></span> <span class='ocrx_word' id='word_1_84' title='bbox 555 1281 604 1329; x_wconf 90' lang='lat' dir='ltr'><strong>in</strong></span> <span class='ocrx_word' id='word_1_85' title='bbox 643 1291 832 1341; x_wconf 84' lang='lat' dir='ltr'><strong>ventOS,</strong></span> <span class='ocrx_word' id='word_1_86' title='bbox 874 1283 1014 1330; x_wconf 89' lang='lat' dir='ltr'><strong>caelo</strong></span> <span class='ocrx_word' id='word_1_87' title='bbox 1052 1297 1143 1330; x_wconf 90' lang='lat' dir='ltr'><strong>ceu</strong></span> <span class='ocrx_word' id='word_1_88' title='bbox 1181 1297 1329 1343; x_wconf 89' lang='lat' dir='ltr'><strong>saepe</strong></span> <span class='ocrx_word' id='word_1_89' title='bbox 1365 1281 1514 1328; x_wconf 85' lang='lat' dir='ltr'><strong>refixa</strong></span> 
     </span>
     <span class='ocr_line' id='line_1_21' title="bbox 225 1368 1584 1433; baseline -0.003 -14"><span class='ocrx_word' id='word_1_90' title='bbox 225 1380 559 1419; x_wconf 88' lang='lat' dir='ltr'><strong>transcurrunt</strong></span> <span class='ocrx_word' id='word_1_91' title='bbox 596 1370 886 1433; x_wconf 90' lang='lat' dir='ltr'><strong>crinemque</strong></span> <span class='ocrx_word' id='word_1_92' title='bbox 923 1371 1141 1418; x_wconf 90' lang='lat' dir='ltr'><strong>volantia</strong></span> <span class='ocrx_word' id='word_1_93' title='bbox 1178 1368 1342 1418; x_wconf 90' lang='lat' dir='ltr'><strong>sidera</strong></span> <span class='ocrx_word' id='word_1_94' title='bbox 1380 1369 1584 1417; x_wconf 88' lang='lat' dir='ltr'><strong>ducunt.</strong></span> 
     </span>
     <span class='ocr_line' id='line_1_22' title="bbox 225 1458 1487 1520; baseline -0.003 -12"><span class='ocrx_word' id='word_1_95' title='bbox 225 1459 465 1508; x_wconf 89' lang='lat' dir='ltr'><strong>Attonitis</strong></span> <span class='ocrx_word' id='word_1_96' title='bbox 503 1460 706 1508; x_wconf 90' lang='lat' dir='ltr'><strong>haesere</strong></span> <span class='ocrx_word' id='word_1_97' title='bbox 743 1458 921 1506; x_wconf 90' lang='lat' dir='ltr'><strong>animis</strong></span> <span class='ocrx_word' id='word_1_98' title='bbox 960 1474 1264 1520; x_wconf 90' lang='lat' dir='ltr'><strong>superosque</strong></span> <span class='ocrx_word' id='word_1_99' title='bbox 1302 1459 1487 1520; x_wconf 89' lang='lat' dir='ltr'><strong>precati</strong></span> 
     </span>
     <span class='ocr_line' id='line_1_23' title="bbox 225 1546 1528 1610; baseline -0.002 -14"><span class='ocrx_word' id='word_1_100' title='bbox 225 1546 468 1596; x_wconf 87' lang='lat' dir='ltr'><strong>Trinacrii</strong></span> <span class='ocrx_word' id='word_1_101' title='bbox 505 1547 787 1610; x_wconf 90' lang='lat' dir='ltr'><strong>Teucrique</strong></span> <span class='ocrx_word' id='word_1_102' title='bbox 824 1547 926 1607; x_wconf 89' lang='lat' dir='ltr'><strong>viri,</strong></span> <span class='ocrx_word' id='word_1_103' title='bbox 966 1562 1062 1594; x_wconf 89' lang='lat' dir='ltr'><strong>nec</strong></span> <span class='ocrx_word' id='word_1_104' title='bbox 1099 1546 1342 1594; x_wconf 86' lang='lat' dir='ltr'><strong>maximus</strong></span> <span class='ocrx_word' id='word_1_105' title='bbox 1379 1562 1528 1595; x_wconf 89' lang='lat' dir='ltr'><strong>omen</strong></span> 
     </span>
     <span class='ocr_line' id='line_1_24' title="bbox 225 1636 1544 1698; baseline -0.002 -13"><span class='ocrx_word' id='word_1_106' title='bbox 225 1637 399 1685; x_wconf 90' lang='lat' dir='ltr'><strong>abnuit</strong></span> <span class='ocrx_word' id='word_1_107' title='bbox 435 1638 647 1695; x_wconf 89' lang='lat' dir='ltr'><strong>Aeneas,</strong></span> <span class='ocrx_word' id='word_1_108' title='bbox 689 1637 776 1685; x_wconf 91' lang='lat' dir='ltr'><strong>sed</strong></span> <span class='ocrx_word' id='word_1_109' title='bbox 814 1638 999 1684; x_wconf 91' lang='lat' dir='ltr'><strong>laetum</strong></span> <span class='ocrx_word' id='word_1_110' title='bbox 1036 1636 1291 1698; x_wconf 86' lang='lat' dir='ltr'><strong>amplexus</strong></span> <span class='ocrx_word' id='word_1_111' title='bbox 1327 1638 1544 1683; x_wconf 90' lang='lat' dir='ltr'><strong>Acesten</strong></span> 
     </span>
     <span class='ocr_line' id='line_1_25' title="bbox 225 1719 1605 1787; baseline -0.002 -14"><span class='ocrx_word' id='word_1_112' title='bbox 225 1724 516 1774; x_wconf 88' lang='lat' dir='ltr'><strong>muneribus</strong></span> <span class='ocrx_word' id='word_1_113' title='bbox 553 1726 772 1774; x_wconf 89' lang='lat' dir='ltr'><strong>cumulat</strong></span> <span class='ocrx_word' id='word_1_114' title='bbox 808 1723 1001 1787; x_wconf 90' lang='lat' dir='ltr'><strong>magnis</strong></span> <span class='ocrx_word' id='word_1_115' title='bbox 1038 1740 1096 1772; x_wconf 89' lang='lat' dir='ltr'><strong>ac</strong></span> <span class='ocrx_word' id='word_1_116' title='bbox 1133 1723 1248 1771; x_wconf 91' lang='lat' dir='ltr'><strong>talia</strong></span> <span class='ocrx_word' id='word_1_117' title='bbox 1285 1725 1454 1771; x_wconf 64' lang='lat' dir='ltr'><strong>fatur:</strong></span> <span class='ocrx_word' id='word_1_118' title='bbox 1486 1719 1509 1781; x_wconf 66' lang='lat' dir='ltr'><strong>l</strong></span> <span class='ocrx_word' id='word_1_119' title='bbox 1598 1781 1605 1783; x_wconf 26' lang='lat'><strong><em>⁴</em></strong></span> 
     </span>
     <span class='ocr_line' id='line_1_26' title="bbox 229 1795 1664 1877; baseline -0.003 -14"><span class='ocrx_word' id='word_1_120' title='bbox 229 1816 425 1874; x_wconf 90' lang='lat' dir='ltr'><strong>‘Sume‚</strong></span> <span class='ocrx_word' id='word_1_121' title='bbox 462 1824 631 1877; x_wconf 72' lang='lat' dir='ltr'><strong>pater,</strong></span> <span class='ocrx_word' id='word_1_122' title='bbox 670 1831 786 1862; x_wconf 89' lang='lat' dir='ltr'><strong>nam</strong></span> <span class='ocrx_word' id='word_1_123' title='bbox 823 1823 870 1862; x_wconf 93' lang='lat' dir='ltr'><strong>te</strong></span> <span class='ocrx_word' id='word_1_124' title='bbox 907 1812 1062 1862; x_wconf 90' lang='lat' dir='ltr'><strong>voluit</strong></span> <span class='ocrx_word' id='word_1_125' title='bbox 1098 1829 1184 1861; x_wconf 84' lang='lat' dir='ltr'><strong>rex</strong></span> <span class='ocrx_word' id='word_1_126' title='bbox 1219 1828 1425 1875; x_wconf 87' lang='lat' dir='ltr'><strong>magnus</strong></span> <span class='ocrx_word' id='word_1_127' title='bbox 1464 1795 1664 1875; x_wconf 44' lang='lat' dir='ltr'><strong>OEJmpi</strong></span> 
     </span>
     <span class='ocr_line' id='line_1_27' title="bbox 225 1902 1441 1966; baseline -0.002 -15"><span class='ocrx_word' id='word_1_128' title='bbox 225 1904 406 1952; x_wconf 93' lang='lat' dir='ltr'><strong>talibus</strong></span> <span class='ocrx_word' id='word_1_129' title='bbox 441 1903 674 1966; x_wconf 90' lang='lat' dir='ltr'><strong>auspiciis</strong></span> <span class='ocrx_word' id='word_1_130' title='bbox 711 1912 958 1952; x_wconf 86' lang='lat' dir='ltr'><strong>exsortem</strong></span> <span class='ocrx_word' id='word_1_131' title='bbox 996 1902 1176 1950; x_wconf 90' lang='lat' dir='ltr'><strong>ducere</strong></span> <span class='ocrx_word' id='word_1_132' title='bbox 1214 1902 1441 1950; x_wconf 80' lang='lat' dir='ltr'><strong>honores,</strong></span> 
     </span>
    </p>

    <p class='ocr_par' dir='ltr' id='par_1_10' title="bbox 226 1989 1657 2409">
     <span class='ocr_line' id='line_1_28' title="bbox 229 1989 1556 2054; baseline -0.003 -14"><span class='ocrx_word' id='word_1_133' title='bbox 229 1991 394 2054; x_wconf 91' lang='lat' dir='ltr'><strong>Ipsius</strong></span> <span class='ocrx_word' id='word_1_134' title='bbox 431 1991 684 2041; x_wconf 91' lang='lat' dir='ltr'><strong>Anchisae</strong></span> <span class='ocrx_word' id='word_1_135' title='bbox 720 1992 948 2054; x_wconf 90' lang='lat' dir='ltr'><strong>longaevi</strong></span> <span class='ocrx_word' id='word_1_136' title='bbox 985 1991 1081 2040; x_wconf 88' lang='lat' dir='ltr'><strong>hoc</strong></span> <span class='ocrx_word' id='word_1_137' title='bbox 1118 2006 1298 2038; x_wconf 92' lang='lat' dir='ltr'><strong>munus</strong></span> <span class='ocrx_word' id='word_1_138' title='bbox 1335 1989 1556 2048; x_wconf 91' lang='lat' dir='ltr'><strong>habebis,</strong></span> 
     </span>
     <span class='ocr_line' id='line_1_29' title="bbox 226 2080 1570 2144; baseline -0.002 -16"><span class='ocrx_word' id='word_1_139' title='bbox 226 2090 414 2129; x_wconf 90' lang='lat' dir='ltr'><strong>cratera</strong></span> <span class='ocrx_word' id='word_1_140' title='bbox 448 2080 743 2144; x_wconf 91' lang='lat' dir='ltr'><strong>impressum</strong></span> <span class='ocrx_word' id='word_1_141' title='bbox 780 2080 944 2143; x_wconf 90' lang='lat' dir='ltr'><strong>signis,</strong></span> <span class='ocrx_word' id='word_1_142' title='bbox 985 2096 1136 2143; x_wconf 91' lang='lat' dir='ltr'><strong>quem</strong></span> <span class='ocrx_word' id='word_1_143' title='bbox 1171 2080 1416 2127; x_wconf 88' lang='lat' dir='ltr'><strong>Thracius</strong></span> <span class='ocrx_word' id='word_1_144' title='bbox 1453 2080 1570 2127; x_wconf 86' lang='lat' dir='ltr'><strong>olim</strong></span> 
     </span>
     <span class='ocr_line' id='line_1_30' title="bbox 227 2168 1520 2233; baseline -0.001 -16"><span class='ocrx_word' id='word_1_145' title='bbox 227 2170 479 2218; x_wconf 90' lang='lat' dir='ltr'><strong>Anchisae</strong></span> <span class='ocrx_word' id='word_1_146' title='bbox 515 2169 725 2233; x_wconf 86' lang='lat' dir='ltr'><strong>genitori</strong></span> <span class='ocrx_word' id='word_1_147' title='bbox 762 2171 813 2217; x_wconf 91' lang='lat' dir='ltr'><strong>in</strong></span> <span class='ocrx_word' id='word_1_148' title='bbox 849 2184 1033 2232; x_wconf 86' lang='lat' dir='ltr'><strong>magno</strong></span> <span class='ocrx_word' id='word_1_149' title='bbox 1071 2184 1273 2216; x_wconf 88' lang='lat' dir='ltr'><strong>munere</strong></span> <span class='ocrx_word' id='word_1_150' title='bbox 1319 2168 1520 2217; x_wconf 90' lang='lat' dir='ltr'><strong>Cisseus</strong></span> 
     </span>
     <span class='ocr_line' id='line_1_31' title="bbox 226 2254 1657 2319; baseline -0.001 -13"><span class='ocrx_word' id='word_1_151' title='bbox 226 2258 349 2307; x_wconf 90' lang='lat' dir='ltr'><strong>ferre</strong></span> <span class='ocrx_word' id='word_1_152' title='bbox 387 2258 461 2306; x_wconf 90' lang='lat' dir='ltr'><strong>sui</strong></span> <span class='ocrx_word' id='word_1_153' title='bbox 485 2254 704 2308; x_wconf 54' lang='lat' dir='ltr'><strong>‘dederat</strong></span> <span class='ocrx_word' id='word_1_154' title='bbox 739 2257 1104 2306; x_wconf 87' lang='lat' dir='ltr'><strong>monimentum</strong></span> <span class='ocrx_word' id='word_1_155' title='bbox 1143 2265 1192 2305; x_wconf 91' lang='lat' dir='ltr'><strong>et</strong></span> <span class='ocrx_word' id='word_1_156' title='bbox 1230 2256 1407 2319; x_wconf 86' lang='lat' dir='ltr'><strong>pignus</strong></span> <span class='ocrx_word' id='word_1_157' title='bbox 1445 2256 1657 2304; x_wconf 87' lang='lat' dir='ltr'><strong>amoris.’</strong></span> 
     </span>
     <span class='ocr_line' id='line_1_32' title="bbox 227 2345 1359 2409; baseline -0.004 -14"><span class='ocrx_word' id='word_1_158' title='bbox 227 2345 309 2396; x_wconf 90' lang='lat' dir='ltr'><strong>Sic</strong></span> <span class='ocrx_word' id='word_1_159' title='bbox 344 2348 472 2395; x_wconf 88' lang='lat' dir='ltr'><strong>fatus</strong></span> <span class='ocrx_word' id='word_1_160' title='bbox 509 2347 660 2409; x_wconf 87' lang='lat' dir='ltr'><strong>cingit</strong></span> <span class='ocrx_word' id='word_1_161' title='bbox 695 2346 925 2394; x_wconf 90' lang='lat' dir='ltr'><strong>viridanti</strong></span> <span class='ocrx_word' id='word_1_162' title='bbox 963 2356 1186 2408; x_wconf 88' lang='lat' dir='ltr'><strong>tempora</strong></span> <span class='ocrx_word' id='word_1_163' title='bbox 1223 2346 1359 2392; x_wconf 89' lang='lat' dir='ltr'><strong>lauro</strong></span> 
     </span>
    </p>

    <p class='ocr_par' dir='ltr' id='par_1_11' title="bbox 228 2435 1693 2852">
     <span class='ocr_line' id='line_1_33' title="bbox 229 2435 1693 2498; baseline -0.001 -15"><span class='ocrx_word' id='word_1_164' title='bbox 229 2444 278 2484; x_wconf 89' lang='lat' dir='ltr'><strong>et</strong></span> <span class='ocrx_word' id='word_1_165' title='bbox 313 2435 527 2498; x_wconf 90' lang='lat' dir='ltr'><strong>primum</strong></span> <span class='ocrx_word' id='word_1_166' title='bbox 564 2445 679 2484; x_wconf 91' lang='lat' dir='ltr'><strong>ante</strong></span> <span class='ocrx_word' id='word_1_167' title='bbox 717 2451 891 2484; x_wconf 90' lang='lat' dir='ltr'><strong>omnes</strong></span> <span class='ocrx_word' id='word_1_168' title='bbox 928 2436 1169 2482; x_wconf 88' lang='lat' dir='ltr'><strong>victorem</strong></span> <span class='ocrx_word' id='word_1_169' title='bbox 1206 2435 1424 2496; x_wconf 84' lang='lat' dir='ltr'><strong>appellat</strong></span> <span class='ocrx_word' id='word_1_170' title='bbox 1462 2437 1693 2482; x_wconf 82' lang='lat' dir='ltr'><strong>Acesten.</strong></span> 
     </span>
     <span class='ocr_line' id='line_1_34' title="bbox 229 2521 1514 2587; baseline -0.002 -15"><span class='ocrx_word' id='word_1_171' title='bbox 229 2525 340 2572; x_wconf 92' lang='lat' dir='ltr'><strong>Nec</strong></span> <span class='ocrx_word' id='word_1_172' title='bbox 375 2526 537 2573; x_wconf 93' lang='lat' dir='ltr'><strong>bonus</strong></span> <span class='ocrx_word' id='word_1_173' title='bbox 576 2524 818 2587; x_wconf 81' lang='lat' dir='ltr'><strong>Eurytion</strong></span> <span class='ocrx_word' id='word_1_174' title='bbox 856 2524 1073 2586; x_wconf 89' lang='lat' dir='ltr'><strong>praelato</strong></span> <span class='ocrx_word' id='word_1_175' title='bbox 1109 2521 1287 2570; x_wconf 89' lang='lat' dir='ltr'><strong>invidit</strong></span> <span class='ocrx_word' id='word_1_176' title='bbox 1323 2521 1514 2582; x_wconf 90' lang='lat' dir='ltr'><strong>honori,</strong></span> 
     </span>
     <span class='ocr_line' id='line_1_35' title="bbox 228 2610 1457 2676; baseline -0.001 -15"><span class='ocrx_word' id='word_1_177' title='bbox 228 2613 454 2676; x_wconf 90' lang='lat' dir='ltr'><strong>quamvis</strong></span> <span class='ocrx_word' id='word_1_178' title='bbox 492 2615 626 2662; x_wconf 88' lang='lat' dir='ltr'><strong>solus</strong></span> <span class='ocrx_word' id='word_1_179' title='bbox 665 2629 807 2661; x_wconf 85' lang='lat' dir='ltr'><strong>avem</strong></span> <span class='ocrx_word' id='word_1_180' title='bbox 844 2613 984 2660; x_wconf 87' lang='lat' dir='ltr'><strong>caelo</strong></span> <span class='ocrx_word' id='word_1_181' title='bbox 1021 2610 1203 2659; x_wconf 89' lang='lat' dir='ltr'><strong>deiecit</strong></span> <span class='ocrx_word' id='word_1_182' title='bbox 1240 2611 1303 2658; x_wconf 91' lang='lat' dir='ltr'><strong>ab</strong></span> <span class='ocrx_word' id='word_1_183' title='bbox 1342 2612 1457 2660; x_wconf 88' lang='lat' dir='ltr'><strong>alto.</strong></span> 
     </span>
     <span class='ocr_line' id='line_1_36' title="bbox 230 2698 1516 2764; baseline -0.002 -16"><span class='ocrx_word' id='word_1_184' title='bbox 230 2702 489 2749; x_wconf 88' lang='lat' dir='ltr'><strong>Proximus</strong></span> <span class='ocrx_word' id='word_1_185' title='bbox 525 2700 796 2764; x_wconf 90' lang='lat' dir='ltr'><strong>ingreditur</strong></span> <span class='ocrx_word' id='word_1_186' title='bbox 833 2699 979 2748; x_wconf 91' lang='lat' dir='ltr'><strong>donis</strong></span> <span class='ocrx_word' id='word_1_187' title='bbox 1016 2699 1102 2761; x_wconf 91' lang='lat' dir='ltr'><strong>qui</strong></span> <span class='ocrx_word' id='word_1_188' title='bbox 1141 2698 1336 2746; x_wconf 86' lang='lat' dir='ltr'><strong>vincula</strong></span> <span class='ocrx_word' id='word_1_189' title='bbox 1373 2699 1516 2760; x_wconf 87' lang='lat' dir='ltr'><strong>rupit,</strong></span> 
     </span>
     <span class='ocr_line' id='line_1_37' title="bbox 229 2786 1476 2852; baseline -0.002 -15"><span class='ocrx_word' id='word_1_190' title='bbox 229 2798 473 2838; x_wconf 88' lang='lat' dir='ltr'><strong>extremus</strong></span> <span class='ocrx_word' id='word_1_191' title='bbox 510 2789 697 2838; x_wconf 90' lang='lat' dir='ltr'><strong>volucri</strong></span> <span class='ocrx_word' id='word_1_192' title='bbox 734 2789 818 2852; x_wconf 91' lang='lat' dir='ltr'><strong>qui</strong></span> <span class='ocrx_word' id='word_1_193' title='bbox 855 2788 958 2836; x_wconf 86' lang='lat' dir='ltr'><strong>fixit</strong></span> <span class='ocrx_word' id='word_1_194' title='bbox 995 2786 1238 2836; x_wconf 88' lang='lat' dir='ltr'><strong>arundine</strong></span> <span class='ocrx_word' id='word_1_195' title='bbox 1275 2788 1476 2835; x_wconf 90' lang='lat' dir='ltr'><strong>malum.</strong></span> 
     </span>
    </p>

    <p class='ocr_par' dir='ltr' id='par_1_12' title="bbox 230 2874 1572 3116">
     <span class='ocr_line' id='line_1_38' title="bbox 335 2874 1572 2940; baseline -0.002 -14"><span class='ocrx_word' id='word_1_196' title='bbox 335 2879 402 2925; x_wconf 89' lang='lat' dir='ltr'><strong>At</strong></span> <span class='ocrx_word' id='word_1_197' title='bbox 437 2886 577 2940; x_wconf 90' lang='lat' dir='ltr'><strong>pater</strong></span> <span class='ocrx_word' id='word_1_198' title='bbox 613 2879 812 2926; x_wconf 88' lang='lat' dir='ltr'><strong>Aeneas</strong></span> <span class='ocrx_word' id='word_1_199' title='bbox 849 2877 1076 2926; x_wconf 89' lang='lat' dir='ltr'><strong>nondum</strong></span> <span class='ocrx_word' id='word_1_200' title='bbox 1113 2874 1384 2924; x_wconf 91' lang='lat' dir='ltr'><strong>certamine</strong></span> <span class='ocrx_word' id='word_1_201' title='bbox 1421 2875 1572 2924; x_wconf 90' lang='lat' dir='ltr'><strong>misso</strong></span> 
     </span>
     <span class='ocr_line' id='line_1_39' title="bbox 230 2963 1498 3027; baseline -0.001 -15"><span class='ocrx_word' id='word_1_202' title='bbox 230 2966 491 3014; x_wconf 90' lang='lat' dir='ltr'><strong>custodem</strong></span> <span class='ocrx_word' id='word_1_203' title='bbox 527 2967 590 3015; x_wconf 92' lang='lat' dir='ltr'><strong>ad</strong></span> <span class='ocrx_word' id='word_1_204' title='bbox 628 2982 735 3015; x_wconf 92' lang='lat' dir='ltr'><strong>sese</strong></span> <span class='ocrx_word' id='word_1_205' title='bbox 771 2965 1106 3027; x_wconf 85' lang='lat' dir='ltr'><strong>comitemque</strong></span> <span class='ocrx_word' id='word_1_206' title='bbox 1148 2963 1363 3027; x_wconf 88' lang='lat' dir='ltr'><strong>impubis</strong></span> <span class='ocrx_word' id='word_1_207' title='bbox 1402 2964 1498 3012; x_wconf 90' lang='lat' dir='ltr'><strong>Iuli</strong></span> 
     </span>
     <span class='ocr_line' id='line_1_40' title="bbox 232 3052 1563 3116; baseline -0.001 -15"><span class='ocrx_word' id='word_1_208' title='bbox 232 3054 482 3116; x_wconf 90' lang='lat' dir='ltr'><strong>Epytiden</strong></span> <span class='ocrx_word' id='word_1_209' title='bbox 521 3064 677 3114; x_wconf 87' lang='lat' dir='ltr'><strong>vocat,</strong></span> <span class='ocrx_word' id='word_1_210' title='bbox 717 3065 765 3103; x_wconf 91' lang='lat' dir='ltr'><strong>et</strong></span> <span class='ocrx_word' id='word_1_211' title='bbox 804 3056 955 3103; x_wconf 84' lang='lat' dir='ltr'><strong>fidam</strong></span> <span class='ocrx_word' id='word_1_212' title='bbox 993 3053 1063 3102; x_wconf 91' lang='lat' dir='ltr'><strong>sic</strong></span> <span class='ocrx_word' id='word_1_213' title='bbox 1100 3055 1229 3102; x_wconf 83' lang='lat' dir='ltr'><strong>fatur</strong></span> <span class='ocrx_word' id='word_1_214' title='bbox 1265 3052 1327 3100; x_wconf 92' lang='lat' dir='ltr'><strong>ad</strong></span> <span class='ocrx_word' id='word_1_215' title='bbox 1364 3069 1563 3101; x_wconf 86' lang='lat' dir='ltr'><strong>aurem:</strong></span> 
     </span>
    </p>

    <p class='ocr_par' dir='ltr' id='par_1_13' title="bbox 955 3156 984 3189">
     <span class='ocr_line' id='line_1_41' title="bbox 955 3156 984 3189; baseline 0 0"><span class='ocrx_word' id='word_1_216' title='bbox 955 3156 984 3189; x_wconf 84' lang='lat' dir='ltr'>B</span> 
     </span>
    </p>
   </div>
  </div>
 </body>
</html>
