2023 3267
141 107 377 175 713-745]
687 109 1046 158 AENEIDos
1087 110 1216 156 LIB.
1257 110 1317 156 v,

270 261 386 310 huic
422 262 561 310 trade
597 260 789 309 amissis
827 268 1059 322 superant
1095 262 1180 322 qui
1219 259 1429 309 navibus
1466 270 1515 309 et
1551 276 1676 323 quos

269 358 551 413 pertaesum
589 348 753 412 magni
791 348 975 411 incepti
1013 364 1272 411 rerumque
1310 358 1506 397 tuarum
1545 359 1632 408 est,

138 453 230 502 715
270 440 641 502 longaevosque
678 454 821 486 senes
858 454 916 485 ac
955 439 1106 486 fessas
1143 453 1358 500 aequore
1395 447 1576 487 matres

267 537 316 577 et
354 528 600 591 quidquid
638 537 803 576 tecum
841 526 1111 575 invalidum
1151 537 1483 590 metuensque
1519 527 1691 590 pericli
1729 539 1802 575 est

268 616 443 679 delige,
483 625 532 664 et
569 615 643 664 his
681 615 897 664 habeant
934 614 1071 663 terris
1108 614 1222 687 {ige-
1254 614 1455 664 moenia
1490 615 1633 664 fessi:
1712 632 1762 665 α
1961 626 2013 649 ⁴·

268 705 441 754 urbem
481 705 806 767 appellabunt
842 704 1084 766 permisso
1122 703 1326 753 nomine
1364 702 1629 752 Acestam!

368 792 577 841 Talibus
615 794 846 840 incensus
883 792 1027 840 dictis
1065 792 1269 840 senioris
1306 793 1452 840 amici

136 897 232 941 720
271 890 377 930 tum
415 896 531 930 vero
569 880 618 928 in
657 897 796 928 curas
834 880 1002 929 animo
1040 880 1293 929 diducitur
1327 896 1515 929 omnes,
1551 837 1617 966 't
1642 872 1846 931 ”-(’)“’”’“”
1945 900 1978 949 ιζ.

267 972 331 1018 Et
369 972 483 1018 Nox
520 979 623 1018 atra
659 971 830 1032 polum
868 970 992 1032 bigis
1030 970 1266 1018 subvecta
1302 969 1518 1017 tenebat.
1551 948 1706 1010 ³&

266 1057 385 1107 Visa
421 1057 607 1107 dehinc
643 1060 784 1107 caelo
821 1058 972 1107 facies
1009 1058 1213 1121 delapsa
1251 1057 1467 1120 parentis
1673 1035 1688 1047 ⁹
1751 1049 1754 1052 ⁵
1793 1032 1836 1050 ὼ
1872 1037 1881 1042 α

265 1147 517 1196 Anchisae
555 1147 718 1196 subito
756 1149 877 1195 tales
915 1147 1167 1196 effundere
1203 1163 1380 1196 voces:

269 1237 440 1291 ‘Nate‚
480 1234 602 1283 mihi
638 1234 736 1282 vita
773 1234 1043 1298 quondam,
1084 1236 1204 1283 dum
1242 1234 1342 1283 vita
1378 1235 1626 1290 manebat,

133 1339 226 1388 725
268 1341 380 1373 care
418 1323 589 1387 magis,
628 1334 759 1383 nate,
799 1323 963 1372 Iliacis
1001 1323 1212 1373 exercite
1249 1323 1374 1383 fatis,

265 1411 472 1476 imperio
512 1411 645 1461 Iovis
682 1413 780 1460 huc
817 1412 978 1472 venio,
1020 1411 1104 1475 qui
1141 1411 1380 1460 classibus
1418 1410 1581 1474 ignem

265 1502 468 1565 depulit,
509 1510 557 1549 et
594 1502 734 1549 caelo
771 1500 976 1549 tandem
1014 1499 1270 1548 miseratus
1307 1501 1370 1548 ab
1406 1501 1508 1548 alto
1545 1511 1629 1548 est.

266 1589 501 1640 Consiliis
538 1606 669 1652 pare,
711 1605 838 1651 quae
874 1605 1008 1638 nunc
1045 1590 1374 1653 pulcherrima
1411 1591 1599 1638 Nautes

266 1679 352 1728 dat
391 1678 586 1727 senior:
624 1679 780 1726 lectos
818 1676 1038 1739 iuvenes,
1076 1677 1340 1725 fortissima
1375 1677 1541 1737 corda,

134 1785 228 1830 730
265 1769 404 1817 defer
440 1769 487 1815 in
530 1769 741 1815 Italiam.
816 1768 955 1816 Gens
992 1767 1114 1816 dura
1151 1776 1299 1829 atque
1335 1781 1510 1829 aspera
1546 1767 1681 1814 cultu

264 1855 565 1906 debellanda
602 1855 691 1904 tibi
728 1864 801 1903 est
842 1854 997 1904 Latio.
1065 1855 1194 1928 Qtis
1231 1865 1398 1904 tamen
1434 1864 1549 1903 ante

264 1944 480 1994 infernas
516 1945 702 1993 accede
739 1944 918 1992 domos
954 1953 1003 1992 et
1039 1946 1237 1992 Averna
1273 1960 1360 2007 per
1395 1946 1492 1992 alta

264 2049 557 2096 congressus
594 2042 724 2096 pete,
763 2042 892 2092 nate,
932 2048 1083 2081 meos
1161 2034 1280 2081 Non
1317 2048 1397 2081 me
1434 2032 1586 2095 impia
1621 2048 1838 2094 namque

263 2124 470 2171 Tartara
505 2123 693 2170 habent
730 2120 890 2170 tristes
929 2122 1146 2180 umbrae,
1186 2121 1274 2170 sed
1310 2137 1525 2170 amoena
1560 2121 1752 2183 piorum

0 2232 75 2295 ὼ
98 2225 224 2289 ³735
265 2212 477 2260 concilia
514 2210 838 2273 Elysiumque
874 2211 998 2258 colo.
1079 2212 1197 2258 Huc
1233 2219 1368 2258 casta
1405 2210 1592 2272 Sibylla

265 2299 507 2363 nigrarum
545 2301 704 2347 multo
741 2298 990 2361 pecudum
1028 2307 1076 2347 te
1113 2300 1351 2362 sanguine
1389 2298 1552 2346 ducet.

264 2391 395 2437 Tum
431 2404 587 2451 genus
624 2404 773 2436 omne
811 2396 949 2436 tuum
986 2397 1034 2436 et
1072 2403 1199 2450 quae
1235 2389 1414 2436 dentur
1450 2385 1647 2436 moenia
1690 2386 1866 2459 disces⁷
1930 2438 1933 2440 ,

84 2484 101 2496 ³
134 2464 166 2485 '⁴
200 2475 219 2482 ”’
268 2480 477 2540 Iamque
513 2478 621 2525 vale
639 2495 652 2537 3
690 2485 885 2539 torquet
921 2476 1114 2525 medios
1152 2477 1266 2525 Nox
1302 2476 1509 2524 humida
1544 2490 1727 2531 cursus,
1774 2488 1821 2516 νὺ
1851 2461 2018 2496 ‘M‘W

265 2575 314 2616 et
350 2582 430 2615 me
468 2582 642 2614 saevus
679 2566 818 2628 equis
856 2564 1035 2616 Oriens
1072 2565 1253 2613 afflavit
1289 2563 1510 2613 anhelis.'

135 2670 229 2716 740
269 2656 488 2714 Dixerat,
529 2664 576 2703 et
613 2664 787 2703 tenues
823 2654 945 2717 fugit
982 2670 1073 2703 ceu
1111 2655 1274 2701 fumus
1310 2653 1360 2701 in
1398 2669 1553 2702 auras.

266 2747 464 2792 Aeneas
504 2745 649 2805 ‘Quo
687 2744 872 2792 deinde
909 2742 1045 2790 ruis?
1081 2756 1182 2804 quo
1220 2742 1426 2804 proripis
1446 2739 1486 2790 ?’
1523 2741 1698 2804 inquit,

268 2835 448 2895 ‘quem
487 2831 648 2895 fugis?
685 2841 770 2880 aut
808 2832 917 2893 quis
955 2841 1004 2879 te
1040 2830 1220 2879 nostris
1256 2830 1597 2893 complexibus
1635 2828 1833 2878 arcet?’

270 2923 413 2969 Haec
451 2936 735 2969 memorans
772 2920 988 2979 cinerem
1030 2929 1078 2968 et
1115 2918 1304 2982 sopitos
1341 2918 1545 2966 suscitat
1582 2917 1717 2980 ignes

270 3011 696 3071 Pergameumque
736 3010 911 3056 Larem
950 3017 998 3056 et
1036 3022 1189 3055 canae
1226 3005 1498 3070 penetralia
1535 3008 1719 3054 Vestae

139 3112 233 3160 745
273 3098 397 3146 farre
432 3095 518 3159 pio
554 3105 603 3145 et
639 3097 786 3158 plena
823 3096 1027 3158 supplex
1064 3104 1322 3144 veneratur
1358 3110 1535 3143 acerra.
