2023 3267
123 49 363 117 581·613]
671 50 1032 99 AENEIDos
1072 52 1200 98 LIB.
1240 52 1298 98 v.

128 558 237 644 585,

130 1012 227 1062 590

258 200 475 251 diductis
511 203 700 250 solvere
737 201 901 251 choris
937 218 1200 265 rursusque
1237 203 1396 251 vocati

258 300 546 340 convertere
583 291 685 340 vias
722 290 998 354 infestaque
1035 293 1133 340 tela
1169 293 1336 340 tulere.

261 379 387 428 Inde
425 379 548 428 alios
588 379 759 428 ineunt
795 395 966 428 cursus
1002 379 1223 442 aliosque
1260 396 1480 429 recursus

259 468 450 516 adversi
488 468 675 531 spatiis,
715 470 1031 530 alternosque
1069 468 1271 517 orbibus
1309 470 1452 518 orbes

263 555 559 619 impediunt,
598 572 893 619 pugnaeque
931 556 1062 604 cient
1100 557 1360 606 simulacra
1397 559 1487 606 sub
1524 557 1702 619 armis;

260 653 310 693 et
345 660 478 692 nunc
516 654 649 708 terga
686 646 799 707 suga
836 646 1041 705 nudant,
1081 661 1217 694 nunc
1253 647 1442 708 spicula
1477 656 1671 696 vertunt

260 732 453 793 infensi,
492 735 621 781 facta
658 733 837 796 pariter
873 750 1008 782 nunc
1044 750 1167 796 pace
1203 736 1435 785 feruntur.

263 822 334 870 Ut
371 822 630 884 quondam
670 823 820 871 Creta
857 822 1008 870 fertur
1046 822 1375 884 Labyrinthus
1413 823 1463 870 in
1501 826 1598 872 alta

261 910 530 973 parietibus
568 919 757 958 textum
795 910 956 959 caecis
992 912 1083 959 iter
1118 911 1484 974 ancipitemque

264 999 399 1047 mille
434 998 525 1047 viis
562 998 795 1047 habuisse
833 999 1018 1059 dolum,
1056 1015 1153 1062 qua
1190 998 1328 1063 signa
1364 1001 1608 1063 sequendi

264 1089 509 1151 frangeret
545 1087 875 1151 indeprensus
912 1098 960 1136 et
996 1088 1317 1137 irremeabilis
1355 1105 1514 1138 error:

145 1186 216 1228 ef*
265 1178 399 1225 haud
436 1177 533 1225 alio
571 1178 819 1224 Teucrum
859 1176 961 1225 nati
999 1176 1202 1239 vestigia
1238 1193 1381 1225 cursu

134 1456 227 1505 595

264 1263 555 1328 impediunt,
598 1275 869 1327 texuntque
907 1266 1044 1328 fugas
1082 1274 1130 1314 et
1167 1265 1354 1328 proelia
1391 1266 1526 1325 ludo,

265 1352 560 1416 delphinum
597 1354 797 1411 similes,
836 1353 922 1416 qui
960 1370 1046 1416 per
1083 1353 1238 1401 maria
1274 1355 1481 1402 humida
1517 1355 1685 1403 nando

269 1442 593 1504 Carpathium
633 1441 974 1504 Libycumque
1011 1450 1182 1490 secant
1217 1441 1496 1505 luduntque
1533 1459 1620 1505 per
1656 1445 1828 1492 undas,

269 1533 423 1595 Hpnc
461 1546 649 1579 morem
687 1546 860 1577 cursus
896 1538 1045 1591 atque
1083 1530 1207 1578 haec
1244 1529 1514 1579 certamina
1550 1530 1738 1594 primus

268 1617 530 1677 Ascanius,
571 1621 798 1682 Longam
836 1616 983 1665 muris
1021 1634 1134 1665 cum
1172 1617 1390 1681 cingeret
1426 1621 1622 1679 Albam,

224 1699 230 1702 ’
268 1706 452 1756 rettulit
489 1716 538 1755 et
577 1708 771 1755 Priscos
810 1704 981 1755 docuit
1018 1706 1269 1755 celebrare
1307 1708 1526 1767 Latinos,

134 1888 232 1934 600

141 2767 238 2813 610

268 1813 368 1859 quo
405 1813 524 1858 puer
557 1795 662 1858 ipse
700 1796 868 1853 modo,
909 1810 1077 1843 secum
1117 1811 1218 1857 quo
1256 1797 1406 1845 Tro'i‘a
1442 1798 1600 1859 pubes
1618 1816 1632 1858 3

271 1883 454 1934 Albani
493 1885 709 1933 docuere
748 1900 864 1932 suos
885 1901 898 1944 5
932 1882 1049 1931 hinc
1086 1883 1302 1932 maxima
1338 1902 1484 1948 porro

269 1973 462 2036 accepit
499 1975 665 2022 Roma
700 1982 749 2021 et
784 1973 1000 2036 patrium
1038 1972 1248 2021 servavit
1285 1975 1529 2023 honorem
1547 1994 1588 2037 ;·.
1615 1972 1708 2026 mlv]

269 2060 521 2124 Troiaque
557 2077 690 2109 nunc
729 2061 884 2124 pueri,
923 2062 1196 2109 Troianum
1234 2061 1414 2110 dicitur
1449 2081 1643 2127 agmen.

265 2151 387 2197 ‘Hac
424 2149 674 2198 celebrata
710 2158 856 2197 tenus
893 2158 1066 2198 sancto
1104 2150 1376 2199 certamina
1411 2152 1549 2215 patri.
1584 2185 1624 2212 f,

375 2237 512 2285 Hinc
548 2239 760 2310 primum
800 2239 1022 2286 Fortuna
1058 2239 1210 2287 fidem
1250 2249 1439 2288 mutata
1476 2243 1688 2290 novavit.

277 2328 410 2374 Dum
447 2314 590 2374 variis
628 2327 818 2374 tumulo
856 2315 1071 2374 referunt
1109 2328 1352 2376 sollennia
1389 2328 1531 2388 ludis,

273 2415 394 2464 Irim
431 2416 495 2464 de
532 2416 673 2464 caelo
710 2414 842 2463 misit
878 2416 1109 2463 Saturnia
1146 2417 1275 2464 Iuno

274 2503 480 2555 Iliacam
517 2504 581 2552 ad
618 2504 843 2562 classem,
882 2512 1164 2571 ventosque
1195 2497 1378 2568 aspirat
1414 2507 1565 2566 eunti,

274 2585 431 2640 multa
467 2608 674 2652 movens
712 2593 929 2640 necdum
967 2567 1479 2665 aiftiquuni'saturata
1516 2597 1758 2645 dolorem.

277 2680 382 2738 Illa,
422 2678 554 2727 viam
584 2667 814 2729 celerans
852 2695 939 2742 per
975 2679 1109 2728 mille
1146 2681 1393 2730 coloribus
1429 2699 1611 2744 arcum,

275 2765 397 2814 nulli
433 2765 537 2814 visa
574 2766 674 2815 cito
711 2767 926 2815 decurrit
962 2766 1157 2815 tramite
1192 2766 1342 2831 virgo.

276 2853 536 2917 Conspicit
572 2853 825 2917 ingentem
863 2871 1159 2903 concursum
1197 2866 1245 2904 et
1283 2850 1426 2906 litora
1461 2859 1647 2920 lustrat,

277 2941 599 3004 desertosque
635 2941 771 2991 videt
807 2952 977 3004 portus
1014 2943 1326 3006 classemque
1362 2944 1596 2994 relictam.
1673 2926 1680 2930 .

278 3030 345 3077 At
379 3031 551 3091 procul
590 3029 640 3078 in
678 3031 784 3079 sola
820 3040 1038 3079 secretae
1076 3033 1299 3080 Troades
1336 3043 1445 3081 acta
