2023 3267
82 139 324 205 845·871]
633 139 991 187 AENEInos
1030 140 1158 187 ΜΒ.
1199 141 1258 186 v,

81 294 174 355 845

81 732 178 793 850

84 1611 182 1658 860

86 2055 180 2116 865

213 293 350 340 Pone
383 298 532 352 caput
565 290 821 351 fessosque
855 290 1026 337 oculos
1063 290 1223 337 furare
1260 290 1432 338 labori.

217 381 331 442 Ipse
369 393 461 441 ego
497 376 744 440 paulisper
780 393 870 439 pro
906 386 955 426 te
989 386 1071 425 tua
1107 393 1314 425 munera
1351 377 1518 426 inib0.'

214 466 312 518 Cui
347 465 426 514 vix
462 467 694 514 attollens
734 466 994 513 Palinurus
1031 464 1220 513 lumina
1256 466 1413 514 fatur:

218 556 398 603 ‘Mene
436 555 549 601 salis
587 553 768 616 placidi
807 554 998 601 vultum
1038 554 1319 616 fluctusque
1357 553 1552 616 quietos

214 642 438 706 ignorare
474 642 651 689 iubes?
688 656 833 688 mene
871 642 986 689 huic
1023 643 1277 691 confidere
1314 646 1574 691 monstro?

216 733 423 779 Aenean
460 728 659 776 credam
700 725 844 790 (quid
882 727 1015 775 enim
1036 728 1077 791 ?)
1116 729 1374 778 fallacibus
1411 733 1540 778 auris

214 825 264 865 et
300 813 424 863 caeli
461 812 643 861 totiens
681 813 922 875 deceptus
959 815 1131 863 fraude
1169 816 1388 864 serenil'

214 905 357 952 Talia
393 902 528 952 dicta
564 903 730 962 dabat,
771 904 1065 965 clavumque
1104 905 1276 953 affixus
1314 914 1362 954 et
1399 906 1607 955 haerens

215 1007 462 1054 nusquam
501 990 759 1039 amittebat
796 992 1071 1053 oculosque
1109 993 1199 1040 sub
1237 1001 1368 1041 astra
1404 994 1619 1042 tenebat.

217 1081 349 1129 Ecce
386 1081 510 1128 deus
548 1095 741 1127 ramum
780 1080 1001 1128 Lethaeo
1039 1096 1147 1128 rore
1186 1081 1472 1129 madentem

217 1167 364 1230 vique
400 1175 687 1229 soporatum
726 1167 890 1229 Stygia
928 1183 1075 1230 super
1111 1178 1320 1230 utraque
1357 1178 1557 1230 quassat

216 1265 454 1318 tempora,
494 1254 851 1318 cunctantique
889 1256 1113 1304 natantia
1148 1257 1338 1304 lumina
1375 1256 1530 1304 solvit.

217 1342 312 1415 Vix
348 1341 534 1406 primos
570 1343 775 1406 inopina
812 1343 952 1406 quies
990 1346 1238 1392 laxaverat
1274 1352 1419 1395 artus,

216 1440 266 1480 et
301 1448 448 1495 super
485 1431 782 1480 incumbens
819 1448 935 1480 curn
972 1432 1154 1495 puppis
1191 1442 1328 1496 parte
1365 1433 1557 1480 revulsa

217 1537 431 1584 cumque
466 1521 771 1584 gubernaclo
809 1520 1022 1584 liquidas
1061 1521 1268 1584 proiecit
1305 1521 1356 1569 in
1393 1521 1554 1569 undas

218 1608 540 1672 praecipitem
578 1625 635 1657 ac
672 1608 834 1657 socios
871 1607 1173 1671 nequiquam
1214 1625 1362 1672 saepe
1399 1617 1692 1665 vocantem3

221 1697 327 1762 ipse
363 1700 537 1748 volans
575 1707 752 1747 tenues
789 1714 841 1746 se
879 1697 1073 1746 sustulit
1111 1699 1212 1746 ales
1247 1699 1312 1746 ad
1350 1714 1504 1747 auras.

219 1788 383 1838 Currit
419 1787 510 1836 iter
546 1797 705 1835 tutum
745 1803 847 1836 non
885 1788 1037 1836 setius
1073 1803 1289 1850 aequore
1326 1787 1496 1836 classis

220 1874 574 1938 promissisque
610 1874 759 1938 patris
798 1875 1022 1938 Neptuni
1059 1875 1282 1924 interrita
1317 1877 1482 1926 fertur.

223 1965 432 2026 Iamque
470 1963 598 2013 adeo
636 1965 870 2027 scopulos
908 1963 1136 2013 Sirenum
1173 1965 1382 2013 advecta
1419 1964 1616 2013 subibat

220 2052 446 2102 difficiles
482 2054 739 2116 quondam
773 2054 1143 2115 multorumque
1177 2055 1371 2102 ossibus
1407 2054 1548 2102 albos

222 2142 349 2206 (turn
388 2158 537 2191 rauca
573 2144 776 2192 assiduo
814 2143 962 2205 longe
997 2144 1098 2191 sale
1136 2159 1253 2190 saxa
1287 2142 1572 2207 sonabant),

222 2247 336 2279 cum
375 2239 514 2294 pater
549 2230 731 2279 amisso
769 2229 1046 2279 fluitantem
1082 2246 1240 2279 errare
1274 2230 1508 2293 magistro

225 2317 392 2378 sensit,
433 2327 482 2368 et
515 2318 621 2381 ipse
657 2328 812 2367 ratem
851 2317 1107 2368 nocturnis
1141 2318 1262 2367 rexit
1299 2320 1350 2366 in
1379 2319 1541 2378 undis,

224 2407 379 2454 multa
414 2422 618 2470 gemens
654 2422 873 2468 casuque
910 2405 1134 2454 animum
1168 2421 1440 2453 concussus
1477 2405 1652 2453 amici:

91 2496 188 2556 870
230 2495 306 2545 ‘O
344 2493 553 2543 nimium
589 2496 730 2543 caelo
767 2504 816 2543 et
851 2496 1030 2557 pelago
1067 2495 1253 2542 confise
1291 2509 1480 2552 sereno,

224 2584 388 2632 nudus
427 2584 477 2633 in
514 2584 698 2647 ignota,
740 2584 988 2646 Palinure,
1028 2583 1211 2633 iacebis
1248 2585 1427 2632 arem?
