2023 3267
95 101 331 169 779-811]
639 99 1000 148 AENEIDOS
1040 99 1169 145 LIB.
1210 99 1268 144 V.

97 345 196 405 780

106 1243 202 1291 790

110 1685 203 1735 795

112 2118 210 2163 800

116 2561 210 2621 805

121 3003 218 3048 810

330 257 397 302 At
426 254 599 301 Venus
637 251 823 300 interea
861 253 1153 313 Neptunum
1191 248 1407 297 exercita
1443 248 1571 296 curis

232 341 496 404 alloquitur
532 343 753 403 talesque
791 338 1000 388 effundit
1036 347 1236 400 pectore
1272 346 1506 400 questus:

232 429 471 479 ‘Iunonis
501 429 659 492 gravis
695 427 764 476 ira
801 442 965 489 neque
1003 424 1331 474 exsaturabile
1368 434 1542 486 pectus

229 527 415 581 cogunt
451 533 547 576 me,
584 519 833 579 Neptune,
874 531 1045 578 preces
1081 513 1390 563 descendere
1427 514 1476 560 in
1515 528 1703 571 omneS‚

233 623 382 670 quam
417 623 510 655 nec
546 607 695 668 longa
731 605 838 654 dies
874 603 1031 667 pietas
1070 619 1162 652 nec
1200 603 1391 664 mitigat
1426 603 1539 661 ulla,

233 711 326 744 nec
366 694 499 743 Iovis
536 692 745 756 imperio
781 693 991 754 fatisque
1027 691 1232 739 infracta
1269 691 1491 752 quiescit.

233 785 348 833 Non
388 782 552 831 media
588 783 654 831 de
690 791 836 845 gente
873 782 1120 843 Phrygum
1155 778 1383 828 exedisse
1421 778 1648 826 nefandis

234 873 408 921 urbem
446 871 574 921 odiis
612 870 727 919 satis
761 880 833 918 est
871 886 965 918 nec
1000 885 1215 932 poenam
1254 877 1389 916 traxe
1426 883 1513 930 per
1548 881 1776 915 omnem:

234 959 465 1022 reliquias
498 959 693 1017 Troiae,
734 960 923 1007 cineres
959 967 1110 1020 atque
1148 973 1262 1005 ossa
1298 966 1583 1020 peremptae

235 1049 522 1113 insequitur.
599 1050 788 1100 Causas
826 1048 949 1096 tanti
987 1047 1109 1096 sciat
1146 1047 1230 1095 illa
1263 1048 1453 1095 furoris.

239 1141 355 1202 Ipse
390 1137 510 1186 mihi
548 1154 704 1200 nuper
739 1137 937 1200 Libycis
975 1147 1027 1185 tu
1065 1136 1201 1184 testis
1239 1135 1290 1183 in
1327 1135 1474 1183 undis

240 1243 387 1290 quam
426 1228 608 1275 molem
647 1225 811 1274 subito
850 1224 1077 1275 excierit:
1115 1225 1270 1273 maria
1306 1223 1473 1273 omnia
1509 1224 1649 1272 caelo

238 1314 448 1375 miscuit,
488 1314 678 1364 Aeoliis
716 1315 1022 1377 nequiquam
1056 1316 1177 1363 freta
1212 1312 1455 1376 procellis,

236 1403 287 1453 in
324 1403 484 1466 regnis
520 1404 617 1451 hoc
653 1419 773 1451 ausa
808 1402 916 1450 tuis.

240 1496 336 1543 Per
371 1495 530 1542 scelus
569 1509 686 1542 ecce
721 1493 871 1542 etiam
905 1492 1133 1543 Troianis
1167 1493 1406 1542 matribus
1443 1491 1565 1540 actis

241 1581 426 1631 exussit
463 1582 611 1631 foede
640 1597 846 1645 puppes,
882 1591 932 1631 et
964 1583 1120 1630 classe
1157 1580 1351 1644 subegit

243 1670 424 1720 amissa
462 1670 622 1719 socios
659 1669 857 1734 ignotae
895 1671 1119 1733 linquere
1154 1680 1324 1719 terrae.

244 1762 400 1822 Quod
436 1769 659 1823 superest
695 1776 783 1808 oro
820 1759 966 1808 liceat
1003 1761 1119 1809 dare
1156 1768 1261 1808 tuta
1296 1775 1385 1822 per
1417 1759 1576 1806 undas

241 1851 350 1898 vela
386 1848 489 1909 tibi,
528 1848 673 1896 liceat
711 1851 1009 1898 Laurentem
1047 1847 1285 1911 attingere
1321 1846 1575 1910 Thybrim,

244 1936 283 1985 si
320 1952 559 1986 concessa
595 1945 725 1998 peto,
766 1936 805 1984 si
843 1937 963 1985 dant
1000 1952 1058 1985 ea
1091 1935 1290 1985 moenia
1323 1936 1537 1984 Parcae.’

245 2029 374 2073 Tum
413 2025 670 2073 Saturnius
707 2025 830 2074 haec
867 2025 1084 2074 domitor
1119 2024 1265 2073 maris
1298 2024 1454 2072 edidit
1491 2023 1606 2071 alti:

251 2117 374 2163 ‘Fas
412 2129 559 2163 omne
598 2122 683 2172 est,
725 2115 986 2176 Cytherea,
1026 2113 1149 2162 meis
1188 2123 1235 2162 te
1272 2115 1425 2163 fidere
1462 2111 1636 2175 regnis,

246 2204 381 2252 unde
417 2218 573 2266 genus
611 2202 763 2251 ducis.
840 2203 1002 2252 Merui
1035 2219 1266 2266 quoque:
1305 2219 1453 2265 saepe
1488 2204 1675 2251 furores

248 2292 518 2354 compressi
557 2302 605 2341 et
635 2292 823 2341 rabiem
860 2301 1047 2340 tantam
1085 2291 1308 2354 caelique
1342 2290 1603 2353 marisque.

250 2382 360 2429 Nec
398 2380 561 2429 minor
597 2380 648 2428 in
686 2381 839 2439 terris,
879 2380 1153 2443 (Xanthum
1191 2380 1545 2441 Simoentaque
1578 2377 1766 2441 testor),

249 2471 452 2518 Aeneae
488 2468 608 2516 mihi
645 2485 761 2516 cura
798 2467 884 2516 tui.
958 2469 1087 2517 Cum
1126 2469 1277 2514 Troia
1314 2466 1533 2514 Achilles

250 2558 530 2607 exanimata
566 2573 779 2620 sequens
816 2555 1108 2618 impingeret
1144 2555 1340 2617 agmina
1376 2553 1541 2611 muris,

251 2646 403 2695 millia
438 2648 595 2695 multa
632 2648 770 2695 daret
806 2647 922 2704 leto,
960 2654 1313 2706 gemerentque
1350 2643 1522 2706 repleti

252 2750 439 2795 amneS,
478 2751 571 2783 nec
607 2732 818 2797 reperire
854 2733 982 2781 viam
1020 2742 1168 2794 atque
1205 2732 1431 2780 evolvere
1467 2740 1634 2794 posset

253 2823 303 2870 in
338 2839 471 2871 mare
509 2839 560 2872 se
597 2824 842 2883 Xanthus,
884 2821 1087 2870 Pelidae
1124 2830 1243 2868 tunc
1281 2836 1373 2883 ego
1410 2819 1521 2868 forti

254 2927 575 2974 congressum
611 2913 818 2960 Aenean
856 2927 949 2958 nec
987 2910 1062 2958 dis
1099 2925 1191 2957 nec
1227 2907 1411 2957 viribus
1449 2908 1619 2971 aequis

255 3001 389 3049 nube
425 3016 546 3048 cava
581 2999 736 3063 rapui,
776 3015 1004 3062 cuperem
1045 3014 1158 3065 qun]
1196 3006 1383 3047 vertere
1419 2997 1483 3045 ab
1519 2996 1620 3043 imo
1695 3018 1698 3023 ’

256 3096 441 3137 structa
475 3088 597 3136 meis
633 3088 862 3136 manibus
899 3087 1118 3149 periurae
1155 3085 1355 3135 moenia
1390 3083 1581 3132 Troiae.
