2023 3267
208 431 302 492 485

206 887 304 932 490

203 1328 299 1377 495

205 1774 300 1822 500

198 2657 293 2704 510

696 13 746 58 P.
789 11 1086 60 VERGILI
1128 12 1454 64 MARoNIS
1701 11 1943 79 [482-514
2019 4 2023 81 j

347 165 437 212 Ille
474 178 621 226 super
656 164 778 211 tales
817 161 1026 211 effundit
1062 171 1263 224 pectore
1299 178 1477 212 voces:

347 255 526 300 ‘Hanc
562 251 666 311 tibi,
696 253 839 312 Eryx,
880 250 1135 299 meliorem
1175 250 1393 299 animam
1429 267 1518 314 pro
1551 261 1710 301 morte
1747 254 1941 302 Daretis
1998 314 2002 316 .

343 341 569 403 persolvo
587 357 600 400 ;
638 341 719 387 hic
755 338 914 387 victor
949 348 1144 387 caestus
1179 347 1436 401 artemque
1472 340 1694 403 repono.’
1723 330 1786 467 >XX

446 428 674 477 Protinus
711 431 908 476 Aeneas
944 426 1092 475 celeri
1129 436 1314 475 certare
1350 427 1526 490 sagitta
1702 403 1737 441 'l
1787 416 1793 422 i

341 516 513 565 invitat
549 518 633 579 qui
670 518 794 564 forte
830 516 998 576 velint,
1036 524 1085 563 et
1121 514 1340 577 praemia
1377 514 1511 574 dicit,

340 605 628 668 ingentique
664 620 814 652 manu
852 604 1036 650 malum
1077 604 1139 651 de
1177 619 1303 651 nave
1339 602 1518 651 Seresti

340 693 479 757 erigit
516 702 565 741 et
596 694 851 741 volucrem
887 690 1090 740 traiecto
1127 691 1177 738 in
1213 692 1330 738 fune
1367 691 1666 749 columbam,

341 797 441 844 quo
478 782 687 830 tendant
722 782 916 839 ferrum,
956 780 1087 827 malo
1125 778 1383 842 suspendit
1418 779 1480 826 ab
1517 780 1628 826 alto.

343 872 636 920 Convenere
673 868 774 928 viri,
815 867 1162 930 deiectamque
1199 884 1342 916 aerea
1379 876 1560 916 sortem

338 957 530 1020 accepit
565 958 737 1019 galea,
781 965 829 1004 et
866 955 1052 1018 primus
1090 956 1305 1004 clamore
1342 955 1564 1004 secundo

340 1046 645 1110 Hyrtacidae
682 1054 797 1093 ante
835 1060 1010 1093 omnes
1047 1043 1144 1091 exit
1180 1045 1320 1092 locus
1359 1043 1747 1106 Hippocoontis.

340 1138 503 1198 Quem
541 1135 695 1183 modo
733 1132 895 1182 navali
934 1133 1228 1181 Mnestheus
1266 1131 1535 1181 certamine
1571 1131 1729 1185 victor

337 1225 667 1288 consequitur,
707 1222 849 1270 viridi
887 1220 1443 1271 Mnestheus‘evinctus
1480 1220 1623 1270 oliva.

337 1312 535 1362 Tertius
573 1313 825 1375 Eurytion,
864 1321 978 1359 tuus
1016 1328 1046 1359 0
1083 1309 1350 1359 clarissime
1387 1311 1533 1358 frater

337 1404 574 1462 Pandare,
615 1400 700 1464 qui
736 1401 1008 1464 quondam,
1049 1399 1208 1448 iussus
1246 1400 1554 1448 confundere
1593 1399 1783 1457 foedus,

335 1491 385 1539 in
422 1489 614 1539 medios
652 1491 803 1537 telum
841 1488 1022 1538 torsisti
1059 1487 1247 1551 primus
1284 1489 1520 1536 Achivos.

335 1583 596 1629 Extremus
632 1580 869 1642 galeaque
905 1578 1005 1625 ima
1043 1576 1265 1626 subsedit
1301 1579 1526 1634 Acestes,

335 1685 482 1718 ausus
519 1677 567 1716 et
603 1668 708 1730 ipse
746 1683 895 1715 manu
931 1668 1165 1714 iuvenum
1203 1674 1391 1714 tentare
1429 1665 1664 1713 laborem.

338 1760 469 1806 Tum
505 1756 680 1805 validis
718 1757 871 1803 flexos
908 1754 1167 1802 incurvant
1203 1753 1387 1802 viribus
1424 1769 1564 1802 arcus

334 1862 423 1908 pro
461 1861 512 1893 se
550 1843 758 1906 quisque
795 1842 884 1890 viri
920 1852 969 1891 et
1004 1843 1305 1905 depromunt
1340 1842 1439 1890 tela
1474 1841 1727 1904 pharetris.

336 1933 597 1994 Primaque
634 1948 721 1994 per
757 1932 949 1979 caelum
986 1946 1138 1979 nervo
1175 1930 1413 1978 stridente
1451 1928 1626 1992 sagitta

336 2021 641 2084 Hyrtacidae
678 2021 866 2067 iuvenis
904 2021 1127 2068 volucres
1165 2018 1440 2067 diverberat
1476 2034 1648 2078 auras;

335 2119 382 2158 et
418 2109 553 2158 venit
589 2107 880 2170 adversique
918 2107 1133 2169 infigitur
1169 2108 1343 2155 arbore
1379 2106 1507 2155 mali.

336 2197 598 2247 Intremuit
634 2198 790 2245 malus
828 2196 1089 2259 timuitque
1128 2195 1356 2244 exterrita
1391 2195 1556 2258 pinnis

331 2289 447 2346 ales,
486 2295 533 2334 et
570 2285 757 2348 ingenti
795 2294 1066 2333 sonuerunt
1103 2283 1270 2332 omnia
1305 2285 1494 2346 plausu.

335 2377 452 2423 Post
488 2390 599 2422 acer
636 2374 931 2421 Mnestheus
968 2373 1186 2420 adducto
1223 2371 1444 2420 constitit
1480 2387 1610 2432 arcu,
1754 2436 1759 2443 Ι

330 2465 426 2512 alta
463 2472 649 2526 petens,
689 2461 967 2525 pariterque
1004 2463 1175 2510 oculos
1213 2463 1464 2523 telumque
1499 2450 1766 2510 tetendits*

329 2554 421 2599 Ast
457 2552 614 2613 ipsam
650 2550 958 2598 miserandus
994 2566 1135 2598 avem
1172 2549 1459 2612 contingere
1496 2551 1623 2598 ferro

330 2656 429 2688 non
467 2638 649 2687 valuit:
692 2640 855 2687 nodos
892 2648 941 2687 et
976 2638 1175 2687 vincula
1210 2638 1339 2686 linea
1374 2638 1518 2700 rupit,

329 2727 467 2790 queis
503 2727 683 2774 innexa
719 2727 901 2788 pedem
937 2727 1069 2774 malo
1106 2725 1359 2788 pendebat
1395 2727 1457 2774 ab
1494 2727 1594 2774 alto
1611 2745 1625 2787 3

327 2815 410 2862 illa
444 2824 590 2863 notos
627 2824 778 2875 atque
814 2815 911 2862 alta
947 2815 1120 2862 volans
1156 2813 1206 2860 in
1244 2813 1413 2862 nubila
1449 2814 1582 2877 fugit.

328 2906 456 2951 Tum
493 2902 694 2964 rapidus
732 2901 1045 2965 (iamdudum
1081 2918 1198 2950 arcu
1235 2911 1470 2952 contenta
1504 2912 1676 2966 parato

326 2991 424 3040 tela
460 2990 656 3053 tenens)
694 2991 890 3038 fratrem
929 2989 1173 3053 Eurytion
1211 2989 1258 3037 in
1297 2999 1411 3039 vota
1446 2990 1654 3050 vocavit,

1748 3067 1758 3076 α
1768 3064 1777 3076 a

1004 3127 1042 3146 μγ.
1142 3124 1145 3125 ’
1268 3129 1274 3135 ι
1348 3134 1357 3143 r
1458 3128 1465 3149 v·
1507 3133 1510 3140 ,
1619 3121 1657 3137 κ’»
1744 3110 1786 3140 'pc
1802 3112 1831 3142 ⁵1⁴
1879 3146 1886 3153 Ι
